2669 4742
562 413 690 477 542
830 413 833 418 ’
1031 412 1234 478 xm.
1305 410 1954 517 POLYANDRIA.

697 558 786 603 bus
804 589 818 613 ,
856 559 1033 608 rarior.
1103 558 1406 607 Aee-deum
1438 556 1501 604 de
1541 556 1594 604 1ae
1634 559 1999 608 Ground-Vin.
2059 559 2286 606 Amieiu.
2312 561 2427 609 ΕΠ.

701 629 931 673 Tannus.
972 652 1040 662 —
1074 628 1151 674 Fi.
1191 631 1323 674 Maio
1362 633 1410 672 et
1443 628 1601 672 Iunio.
1640 620 1727 693 21..

665 698 784 744 Ons.
826 700 1044 754 Speciem
1079 699 1195 744 facit
1229 700 1422 744 dubiam
1464 697 1541 742 Cl.
1565 699 1952 753 Wiutzuuznc,
1991 704 2042 744 et
2074 700 2250 743 invitus
2286 711 2315 743 a
2337 699 2426 745 ⁴13.

558 770 671 816 acri
701 769 968 826 distinguit.
1043 769 1135 814 Sed
1173 770 1221 814 in
1258 770 1413 813 hortis
1452 770 1577 812 culta
1604 770 1811 814 indolem
1836 774 2015 824 servat.
2088 769 2246 812 Etiam
2271 770 2318 814 in
2343 770 2420 813 M.

568 837 760 897 Theiry
803 853 906 882 eain
949 839 1080 882 iuxta
1125 839 1184 884 R.
1212 853 1379 884 acrem
1415 837 1607 894 absque.
1628 840 1724 884 ulla
1757 841 1918 894 planta
1944 839 2225 884 intermedia
2254 840 2430 883 distin·

558 908 819 951 ctissimam
851 908 1124 953 observavi.

671 1036 725 1097 δ.
769 1038 1015 1094 Plantae
1043 1061 1081 1117 y
1114 1037 1409 1095 simillima
1439 1047 1498 1093 et
1526 1037 1732 1092 forsan
1769 1035 1995 1091 idcirco
2024 1054 2159 1091 cum
2185 1055 2251 1093 ea
2282 1056 2427 1112 spe-

482 1143 489 1148 ’
558 1132 648 1188 eie
692 1132 1126 1209 coniungenda.
1208 1132 1487 1188 Planta
1525 1147 1714 1197 nana,
1775 1131 1876 1184 vix
1916 1129 2195 1204 digitalis.
2275 1131 2429 1188 Ra-

557 1225 684 1282 dix
730 1229 1022 1300 priorum.
1102 1225 1319 1282 Folia
1373 1223 1659 1281 radicalia
1699 1226 1842 1290 5-5,
1908 1242 2131 1297 parva,
2199 1225 2425 1299 petiolo

561 1319 1021 1394 villoSO‚parum
1058 1317 1374 1387 breviora,
1443 1319 1642 1374 rarius
1684 1314 2166 1386 suborbiculata,
2226 1320 2427 1393 parti-

559 1411 830 1469 tionibus‘
856 1415 1054 1468 minus
1109 1411 1554 1489 inaequalibuS,
1623 1411 1976 1487 quandoque
2016 1413 2427 1487 integi-iuscu-

557 1506 661 1573 lis,
734 1507 971 1580 saepius
1017 1504 1287 1574 trilobis‚
1348 1503 1691 1561 lateralibus
1741 1503 1989 1561 subinde
2027 1502 2259 1573 bifidis,
2322 1524 2429 1561 se·-

554 1601 808 1675 gmentis
848 1618 1062 1655 rursus
1102 1598 1528 1667 subbilobatis,
1583 1596 1801 1655 lobulis
1842 1597 2116 1655 omnibus
2156 1598 2428 1656 obtusis-

555 1694 719 1749 simis
742 1736 757 1761 ,
800 1694 1281 1769 integriusculis:
1345 1695 1645 1750 caulinum
1680 1694 1926 1748 unicum
1961 1693 2219 1762 lineare,
2262 1694 2427 1770 ligu-

555 1787 772 1854 latum,
818 1787 1171 1863 quandoque
1205 1788 1592 1862 tripartitum.
1662 1785 1923 1843 Caulis
1963 1784 2292 1857 filiformis‚
2325 1799 2429 1844 te-

557 1900 685 1937 ner.
766 1881 812 1936 F
828 1881 944 1936 los
984 1867 1142 1937 foliis
1183 1882 1362 1956 paulo
1402 1882 1627 1948 maior,
1697 1879 1963 1954 calyce
2000 1881 2261 1957 undique
2300 1881 2425 1937 vil-

552 1974 716 2041 loso,
780 1974 917 2048 pilis
975 1972 1341 2048 patentibus.
1421 1975 1692 2031 Petala
1754 1975 2420 2033 cuneata-rotundam.

554 2067 599 2123 F
616 2075 886 2124 ruct'us
940 2069 1002 2124 in
1041 2070 1187 2123 meis
1235 2067 1659 2142 speciminibus
1702 2068 1919 2124 desunt
1956 2079 2014 2124 et
2052 2071 2320 2145 germina
2351 2071 2424 2125 iu

552 2160 877 2234 capitulum
929 2161 1392 2236 oligospermum
1443 2162 1886 2236 conglomerata
1946 2162 2238 2234 stylorum
2288 2164 2425 2218 for-

555 2273 709 2310 mam
729 2254 1234 2330 directionemque
1255 2256 1369 2311 rite
1389 2254 1774 2312 determinari
1796 2275 1918 2312 non
1939 2258 2162 2313 sinunt.
2209 2255 2311 2335 (DX.
2331 2255 2420 2331 ε’.)

619 2375 743 2439 Bab.
770 2375 818 2419 in
844 2375 1043 2418 summis
1064 2374 1284 2429 Alpibus.
1361 2376 1413 2419 In
1451 2375 1521 2420 M.
1555 2374 1839 2421 Gotthardo
1877 2381 1924 2419 et
1957 2376 2006 2420 in
2042 2376 2243 2431 Alpibus
2273 2391 2427 2432 supra

686 2440 1000 2491 Zet-manen.
1040 2445 1267 2490 Amiciss.
1296 2445 1399 2489 EM.
1424 2446 1654 2490 Tannus.
1691 2469 1759 2479 -
1793 2445 1871 2489 Fi.
1899 2446 1993 2490 Iul.
2022 2451 2068 2491 et
2090 2447 2218 2505 Aug.
2259 2438 2349 2509 22..

655 2530 773 2577 Ons.
812 2534 991 2577 Forma
1026 2533 1255 2576 foliorum
1293 2533 1488 2577 omnino
1524 2547 1552 2576 a
1588 2537 1813 2590 sequente
1839 2535 2067 2579 varietate
2092 2536 2296 2578 recedit.
2369 2535 2420 2579 A

550 2603 792 2657 prioribus
824 2607 955 2648 caule
993 2603 1096 2648 fere
1134 2604 1258 2646 nudo
1296 2617 1351 2646 ac
1382 2603 1574 2657 petiolis
1605 2602 1830 2646 brevibus
1855 2605 2097 2659 paulisper
2122 2604 2318 2649 differre
2343 2605 2421 2648 vi·-

549 2672 707 2716 detur.
783 2671 1008 2719 Ceterum
1054 2673 1376 2717 consideratio
1421 2674 1658 2725 stylorum
1687 2672 2047 2730 fructuumque,
2106 2687 2225 2729 quos
2257 2687 2419 2730 neque

548 2743 839 2785 amicissimo
867 2747 1082 2788 Senmet.
1123 2757 1272 2799 neque
1301 2743 1418 2786 mihi
1451 2748 1666 2786 maturos
1691 2742 1934 2799 hucusque
1967 2743 2228 2787 observare
2260 2744 2422 2787 conti·

546 2812 645 2870 git,
685 2825 772 2855 uos
809 2814 1062 2872 aliquando
1101 2813 1317 2866 docebit,
1359 2826 1417 2855 an
1451 2813 1539 2857 hae
1578 2814 1763 2867 plautae
1790 2813 1914 2856 iuter
1944 2825 1995 2856 se
2022 2810 2134 2859 vere
2165 2813 2416 2867 differant,

546 2886 656 2934 aut,
712 2886 762 2924 ut
800 2881 939 2929 facile
982 2882 1333 2938 suspicareris,
1387 2883 1445 2925 ad
1489 2896 1630 2925 unam
1667 2883 1956 2940 eandemque
1996 2882 2207 2936 speciem
2237 2882 2419 2928 referri

510 2952 517 2959 ‘
547 2950 766 2995 debeant.

656 3089 705 3126 ε.
751 3073 1039 3123 Montano
1080 3091 1124 3126 α
1175 3069 1346 3126 valde
1395 3052 1616 3126 affinis,
1709 3068 1956 3126 Radix
2003 3068 2128 3126 fere
2180 3069 2412 3126 eadem.

549 3160 764 3218 Differt
820 3158 1206 3236 pubescentia
1266 3165 1531 3219 omnium
1594 3163 1853 3238 partium
1923 3150 2071 3220 satis
2128 3167 2411 3240 copiosa,

545 3255 755 3312 habitu
803 3256 1150 3333 plerumque
1203 3258 1447 3324 maiori,
1517 3257 1685 3313 caule
1735 3257 2105 3333 frequentius
2141 3257 2411 3325 2-ssoro,

544 3349 701 3405 foliis
741 3350 1102 3415 radicalibus
1140 3351 1497 3426 profundius
1525 3352 1766 3418 incisiS,
1809 3350 2024 3406 lobulis
2062 3351 2417 3408 lanceolatis

545 3445 771 3499 acutis:
835 3445 1070 3501 caulino
1122 3446 1343 3501 minori
1392 3447 1799 3520 3-5-partit0‚
1863 3445 2097 3501 laciniis
2139 3448 2413 3521 angustis

541 3555 756 3611 parum
796 3537 1275 3614 divergentibus,
1318 3540 1567 3614 perinde
1605 3539 1951 3616 plerumque
1981 3540 2411 3615 integerrimiS,

544 3649 659 3705 qua
698 3621 837 3686 nota
860 3651 894 3687 a
921 3637 987 3689 R.
1013 3637 1277 3701 Gouani,
1323 3652 1497 3708 quem
1531 3634 1795 3690 noudum
1836 3632 1994 3707 apud
2030 3652 2141 3690 nos
2180 3634 2409 3700 inveni,
2483 3700 2494 3711 ·

545 3722 938 3799 dignoscitur.
1019 3724 1357 3800 Recepta
1377 3727 1621 3783 culum
1662 3727 1866 3784 setulis
1906 3725 2055 3783 albis
2096 3729 2414 3784 interstin-

544 3827 737 3886 ctum;
792 3817 1044 3891 stylus
1072 3820 1135 3874 iu
1160 3819 1362 3893 planta
1392 3818 1644 3883 florente
1672 3820 1804 3878 basi
1832 3839 2106 3889 crassus,
2151 3822 2420 3877 erectiu-

545 3911 781 3978 sculus,
844 3929 1102 3986 superne
1141 3911 1426 3982 falcatus;
1495 3914 1798 3990 fructus
1837 3914 2409 3990 subpolyspermus,

544 4002 961 4062 seminibus
1011 4006 1218 4063 carina
1242 4007 1438 4071 ,viridi
1476 4019 1747 4066 exstante
1804 4009 2189 4085 marginatis,
2245 4025 2415 4065 com-
