2669 4742
515 397 642 462 570
698 361 703 374 '
1176 391 1693 460 APPENDIX.

625 534 709 591 Ad
749 552 804 605 p.
844 537 940 594 42.
1021 536 1085 591 P.
1119 540 1407 589 strictum.
1431 562 1511 586 —.··
1547 538 1614 592 P.
1639 539 1831 587 minus
1848 534 2377 608 Rchb.1bid.p.57.

513 611 624 667 tab.
647 610 777 671 545.
802 611 899 682 fig.
920 612 1052 669 686.
1077 609 1233 681 (fol-ia
1260 611 1456 665 subtus
1483 609 1678 664 crebro
1707 608 2015 685 punctata).

622 704 706 759 Ad
746 724 806 777 p.
849 708 939 761 52.
1012 705 1254 757 Elatiae
1301 702 1681 773 Hydropiper·
1722 704 1769 780 β
1804 704 2125 759 hexandra.
2161 732 2236 746 —
2283 706 2379 760 El.

511 780 814 836 hex-andra
840 778 1016 834 Rchb.
1039 781 1196 832 Icon.
1220 793 1371 833 cent.
1390 781 1444 835 5.
1471 798 1527 851 p.
1558 786 1615 838 8.
1648 777 1762 831 tab.
1787 779 1918 836 413.
1945 779 2035 848 fig.
2051 780 2184 836 599.

620 871 705 927 Ad
742 891 799 944 p.
835 873 931 930 69.
1011 872 1212 925 Nostra
1244 874 1608 940 Monotropa
1635 874 1701 924 H
1697 878 1980 942 ypopitys
2028 871 2098 926 ad
2132 870 2378 924 formam

509 954 775 1023 pertinet,
826 965 995 1017 quam
1030 944 1267 999 feliciter
1306 944 1420 1020 (M.
1459 946 1798 1016 genitalibus
1833 946 2092 1012 hirsutis,
2151 948 2379 1019 capsula

509 1018 780 1094 oblonga)
822 1020 1068 1074 definivit
1112 1021 1198 1073 Cl.
1230 1022 1644 1076 Ratcfflmnscn.
1718 1023 1789 1075 V.
1833 1021 2096 1090 Iconogr.
2133 1036 2281 1074 cent.
2316 1027 2373 1078 5.

508 1098 622 1154 tab.
647 1100 780 1155 481.
805 1097 892 1165 fig.
913 1099 1046 1154 674.
1090 1098 1268 1149 Huius
1293 1096 1406 1148 loci
1436 1112 1562 1149 sunt
1588 1101 1658 1149 ic.
1689 1091 1768 1150 ΡΙ.
1791 1096 1936 1152 Dan.
1958 1102 2051 1151 cit.
2070 1099 2122 1149 et
2143 1096 2373 1150 Svensk.

506 1176 639 1229 Bot.
666 1174 776 1225 tab.
796 1175 890 1231 97.
970 1172 1198 1224 Ceterae
1233 1174 1424 1224 icones
1456 1178 1517 1223 in
1548 1171 1679 1223 flora
1708 1186 1890 1223 nostra
1911 1170 2166 1224 laudatae
2187 1171 2255 1222 ad
2279 1175 2371 1226 M.

507 1248 941 1320 hypophegeam
967 1247 1181 1303 Wallr.
1212 1243 1355 1319 („M.
1386 1245 1605 1316 capsula
1632 1244 1999 1314 subglqbosa,
2042 1245 2378 1314 genitalibus

507 1322 772 1393 glabris.”
809 1318 1014 1394 Rchb.)
1044 1322 1244 1376 Sched.
1273 1324 1402 1378 191.
1462 1321 1636 1374 Rchb.
1658 1322 1696 1374 l.
1724 1338 1780 1376 ce
1808 1319 1918 1373 tab.
1951 1322 2086 1379 482.
2114 1320 2206 1391 fig.
2236 1322 2372 1377 675.

505 1402 856 1470 potissimum
905 1411 1173 1467 spectant.
1249 1396 1558 1464 Utramque
1604 1400 1660 1447 in
1709 1410 1849 1465 pago
1882 1401 2127 1465 tigurino
2163 1400 2378 1447 invenit

505 1471 596 1524 Cl.
628 1473 998 1525 Senum-nass.
1072 1472 1302 1525 Plantae
1324 1471 1523 1540 habitu
1547 1471 1897 1537 simillimae,
1934 1487 1989 1527 et
2013 1470 2380 1543 probabiliter

467 1574 469 1579 ·
504 1550 671 1601 unius
702 1551 901 1618 speciei
932 1552 1242 1604 varietates.

581 1639 668 1695 Ad
697 1660 752 1711 p.
791 1643 921 1698 123.
987 1637 1072 1693 Ad
1115 1658 1171 1692 n.
1209 1642 1343 1699 958.
1411 1639 1545 1693 Post

645 1716 744 1792 ’ββ
781 1714 1010 1767 vise-ida
1037 1730 1143 1768 etc.
1171 1713 1436 1775 addatur3
1579 1707 1586 1715 ’

648 1791 734 1869 βγ
771 1792 1099 1855 maculata,
1138 1790 1290 1842 foliis
1317 1791 1597 1860 plerisque
1619 1786 1901 1853 indivisis,
1941 1790 2141 1864 petalis
2173 1790 2374 1843 albidis

761 1868 1114 1933 (neutiquam
1154 1860 1531 1937 ochroleucis)
1586 1862 1803 1917 inferne
1848 1865 2063 1919 macula
2126 1866 2373 1936 oblonga

570 1996 579 2011 Ι
768 1956 1039 2012 purpurea
1075 1944 1385 2009 insignitis-

576 2016 823 2068 Varietas
851 2015 1252 2085 elegantissima
1286 2013 1356 2066 ab
1386 2016 1625 2068 amiciss.
1650 2014 1760 2066 Eu.
1785 2015 2027 2068 Tuonss
2056 2030 2203 2065 anuo
2229 2018 2376 2073 1827

501 2094 564 2145 in
593 2090 826 2161 Alpibus
848 2089 1181 2143 centralibus
1195 2095 1341 2142 inter
1359 2087 1746 2143 Gottlaardum
1761 2092 2076 2143 etFurcam
2099 2090 2245 2141 lecta
2268 2106 2373 2142 est.

616 2182 701 2237 Ad
742 2199 798 2254 p.
843 2182 974 2238 175.
1051 2183 1241 2234 Silene
1280 2183 1595 2234 insubrz'ca.
1634 2208 1713 2223 —-
1760 2184 1823 2237 S.
1865 2183 2061 2235 avida
2106 2180 2379 2255 (Willd.)

500 2256 849 2313 Rchb.1con.
867 2260 1089 2314 ceut.3.
1116 2273 1168 2325 p.
1190 2259 1284 2314 51.
1307 2272 1348 2316 t.
1374 2258 1504 2313 225.
1524 2255 2000 2326 flg.417.anostra
2028 2258 2216 2329 planta
2243 2276 2381 2329 ger.-

499 2334 745 2388 minibus
775 2348 938 2402 supra
971 2331 1220 2385 medium
1250 2335 1602 2399 incrassatis,
1646 2346 1706 2385 ut
1733 2348 1927 2384 eorum
1953 2350 2089 2395 apex
2114 2332 2231 2386 fere
2251 2334 2379 2404 glo-

497 2409 664 2462 bosus
690 2412 793 2475 sit,
831 2405 980 2465 foliis
1018 2407 1132 2458 basi
1174 2408 1482 2460 uninerviis'
1518 2421 1573 2461 et
1612 2405 1903 2479 paniculae
1930 2414 2099 2460 ramis
2126 2408 2195 2460 ad
2224 2405 2379 2460 divi-

498 2488 684 2537 siones
724 2488 1012 2553 insigniter
1061 2484 1387 2551 geniculatis
1436 2482 1730 2551 subitoque
1771 2482 1839 2534 ad
1874 2500 2113 2552 magnos
2145 2482 2378 2552 angulos

498 2556 744 2612 infractis
781 2563 1014 2611 omnino
1053 2559 1260 2610 diversa
1297 2555 1531 2610 videtur.
1622 2558 1839 2611 Tabula
1874 2563 2043 2610 citata
2078 2576 2181 2609 nec
2217 2557 2374 2627 caly-

498 2650 588 2687 ces
617 2649 944 2706 provectos,
978 2651 1082 2685 nec
1100 2630 1582 2685 fructus-exhibet.
1606 2660 1684 2680 -η
1707 2636 1769 2688 S.
1799 2631 2033 2697 pelidna
2060 2630 2238 2685 Rchb.
2257 2629 2368 2686 Le.

499 2708 592 2780 fig.
619 2710 752 2767 418.
792 2709 1119 2762 insubricae
1158 2724 1378 2760 nostrae
1422 2707 1622 2760 habitu
1659 2707 1897 2760 similior
1936 2722 2047 2769 est;
2089 2703 2185 2762 sed
2210 2707 2276 2758 ab
2306 2724 2371 2760 ea

497 2782 843 2854 germinibus
897 2782 1125 2853 abrupte
1170 2783 1394 2852 lateque
1441 2787 1710 2836 truncatis
1765 2780 1929 2835 facile
1980 2779 2371 2852 dignoscitur:

394 2894 397 2897 »
496 2875 631 2911 nam
664 2856 959 2912 ins-abrica
1000 2857 1230 2929 perinde
1274 2874 1339 2910 ac
1377 2867 1595 2912 nutans
1631 2863 1879 2929 germina
1915 2863 2151 2910 omnino
2178 2861 2371 2923 conica

499 2932 694 2986 habet.
783 2974 793 2993 2
1327 2966 1329 2969 ·

574 3009 643 3066 P.
673 3009 804 3065 191.
860 3003 970 3062 Ad.
993 3025 1052 3064 n.
1086 3012 1252 3070 1015.
1297 3003 1367 3061 ad
1394 3027 1514 3081 syn.
1540 3008 1751 3062 calcem
1778 3006 2045 3064 addatur:

644 3083 731 3166 ,67
765 3085 1125 3137 multicaulia·
1157 3085 1560 3153 grandistora,
1600 3082 1752 3138 foliis
1788 3088 1963 3137 ovatis
1991 3082 2375 3149 acutiusculis,

765 3157 1016 3210 caulibus
1065 3157 1498 3230 pedunculisque
1536 3158 1880 3213 brevioribus
1934 3163 2152 3228 parcius
2197 3159 2377 3231 pube-

758 3234 1072 3300 mentibus,
1107 3233 1341 3286 floribus
1366 3231 1477 3288 fere
1502 3232 1953 3288 semuncialibus.

613 3307 914 3364 Pulchram
943 3306 1184 3362 formam
1212 3312 1272 3361 in
1291 3309 2376 3364 M.NeuneneninvenitCl.Tascnsssr..

613 3401 698 3457 Ad
739 3421 792 3474 p.
834 3406 964 3459 202.
1045 3405 1346 3456 Arenaria
1376 3421 1567 3455 verna
1603 3424 1648 3460 α
1685 3407 1941 3458 stricta.-
1978 3399 2216 3456 addatur
2240 3417 2368 3470 syn.

501 3483 766 3534 omissum
803 3476 966 3546 Eugl.
993 3478 1126 3530 Bot.
1165 3482 1224 3537 8.
1268 3476 1381 3530 tab.
1409 3480 1541 3533 512.
1620 3474 1703 3531 Ad
1750 3478 1957 3531 hancce
2006 3481 2368 3550 potissimum

498 3556 742 3608 formam
781 3555 1017 3626 pertinet
1054 3555 1161 3605 Ar.
1186 3570 1379 3604 verna
1420 3551 1890 3620 vindobonensis,
1946 3569 2169 3604 mecum
2214 3569 2246 3603 a
2286 3550 2375 3604 cl.
2433 3550 2436 3553 ’

498 3631 794 3684 ΤιιΑοΗειςι.
825 3631 1266 3695 communicata,
1322 3642 1489 3696 quam
1518 3626 1765 3680 botanici
1801 3631 2065 3680 austriaci
2107 3642 2137 3678 a
2181 3643 2375 3680 nostra

497 3703 773 3767 diversam
800 3718 914 3755 esse
941 3701 1208 3766 creduut3
1249 3701 1345 3756 sed
1366 3708 1457 3756 vix
1477 3705 1591 3755 nisi
1618 3700 1770 3757 foliis
1789 3698 2128 3755 brevioribus
2154 3707 2379 3754 tenuio-

497 3781 786 3848 ribusque,
828 3783 885 3828 in
930 3782 1042 3829 ima
1088 3779 1279 3848 planta
1313 3777 1624 3831 evidentius
1655 3776 2375 3850 penicillato-fasciculatis,

499 3855 572 3907 ad
607 3853 891 3925 paniculae
924 3851 1294 3905 dichotomias
1323 3858 1636 3925 superiores
1669 3869 1855 3906 autem
1885 3854 1996 3905 late
2028 3851 2377 3915 lanceolatis,

499 3930 832 3991 brevissimis
860 3930 1222 4006 scariosisque
1259 3927 1478 3998 differt,
1516 3943 1580 3987 ut
1613 3945 1738 3986 eam
1758 3932 2083 4000 neutiquam
2110 3943 2267 4000 separ
2281 3942 2378 3981 are

504 4020 738 4082 possim.
1794 4034 1802 4042 ·
