2669 4742
1316 286 1337 311 X

787 424 997 491 xm.
1030 484 1036 499 f,
1067 374 1731 533 romatinum.
1789 428 1814 480 a
2028 402 2035 409 ’
2071 432 2191 496 451

309 567 465 634 lata,
509 568 822 644 opposita,
851 565 1131 629 breviter
1169 568 1487 644 petiolata,
1530 568 1728 626 mollia
1768 574 1960 647 neque
1997 570 2188 641 hirta,

311 659 569 719 obverse
606 662 970 732 lanceolata,
1027 665 1197 738 apice
1237 661 1435 720 subito
1476 661 1785 737 obtusata,
1843 666 2057 722 eximie
2091 685 2191 723 re-

311 756 552 829 yoluta,
591 757 855 830 'demum
891 767 1093 814 tamen
1134 759 1328 835 inagis
1373 757 1586 833 plana,
1654 754 1731 813 ob
1770 775 2021 815 nervum
2062 779 2192 817 me-

313 850 480 906 dium
537 850 890 926 depressum
938 851 1090 908 facie
1144 851 1311 908 sulco
1352 862 1632 920 exarata,
1700 862 1759 907 et
1796 851 1977 909 dorso
2017 865 2190 911 acute

310 945 616 1011 carinata,
684 944 822 1020 pilis
861 942 1147 1002 brevibus
1188 945 1469 1003 stellatim
1507 944 1812 1020 adpressis
1849 945 2193 1021 pubescen-

307 1039 427 1107 tia,
473 1039 654 1095 dorso
681 1049 1036 1096 tomentosa.
1119 1037 1480 1121 Stipulae
1523 1038 1844 1108 deciduae,
1886 1041 2044 1099 foliis
2077 1043 2194 1098 tri-

308 1133 412 1207 plo
457 1132 866 1208 quadruplove
910 1132 1257 1204 breviores,
1310 1133 1965 1203 lanceolam-lineares.
2046 1135 2193 1193 Ra-

309 1227 504 1283 ceini
543 1226 879 1302 simplices,
933 1226 1186 1296 breves,
1246 1225 1602 1302 paucissori3
1667 1224 2036 1286 bracteae
2078 1232 2190 1287 sti-

306 1318 466 1395 pulis
499 1320 745 1389 similes,
784 1320 1019 1396 longae,
1062 1320 1349 1390 alternae,
1392 1321 1860 1396 pedunculis
1890 1333 2189 1381 tomento-

311 1415 434 1482 sis,
514 1412 651 1472 basi
701 1404 1368 1471 bracteatis'nudisves
1423 1414 1697 1471 Flores
1750 1418 1985 1492 magni,
2048 1416 2187 1475 albi.

309 1507 553 1582 Calyx
591 1519 751 1565 totus
780 1508 1058 1565 stellatim
1081 1505 1419 1584 pubescens
1439 1551 1454 1576 ‚
1497 1509 1784 1576 incanus,
1828 1510 1967 1586 pilis
1993 1510 2189 1568 laxiu-

307 1601 491 1657 sculis
531 1596 1024 1678 longioribusque
1064 1618 1240 1678 quam
1267 1603 1330 1658 in
1362 1601 1557 1670 foliis;
1600 1601 1803 1683 phylla
1836 1603 1954 1660 late
1982 1617 2181 1675 ovata,

307 1692 556 1763 obtusa,
601 1697 1124 1752 striato-costata=
1195 1696 1415 1752 extima
1454 1706 1704 1772 anguste
1743 1694 2039 1773 elliptica,
2083 1717 2186 1755 ce·-

302 1789 453 1844 teris
494 1788 782 1845 viridiora
822 1798 881 1844 et
919 1788 1100 1863 duplo
1138 1787 1441 1845 breviora.
1521 1788 1790 1846 Petala
1831 1789 2062 1860 albida,
2108 1792 2184 1848 ad

299 1900 565 1958 unguem
620 1880 1012 1949 ochroleuca,
1082 1880 1288 1955 calyce
1348 1881 1533 1938 multo
1588 1883 1817 1939 maiora
1836 1925 1854 1952 ‚
1937 1884 2138 1959 patula
2160 1926 2179 1954 ,

302 1973 709 2045 subrotunda,
754 1974 1136 2032 denticulata.
1215 1973 1484 2049 Stylus
1510 1986 1747 2046 rectus,
1793 1995 2052 2052 superne
2086 1980 2184 2034 in-

302 2080 645 2137 crassatus,
689 2067 1044 2126 staminibus
1070 2068 1331 2145 longior.
1391 2069 1716 2127 Ge·rmen
1750 2071 2049 2142 striatam,
2084 2082 2183 2129 to-

298 2174 657 2220 mentosum.
739 2161 840 2239 (D.
883 2160 998 2238 s.)‘

372 2301 497 2346 Hab.
537 2301 584 2344 in
622 2301 837 2346 Helvetia
864 2298 1109 2345 insubrica
1132 2301 1310 2345 rarius.
1363 2300 1603 2364 „lugani
1625 2301 1672 2346 in
1694 2301 1769 2346 M.
1801 2288 2082 2349 Salvaedore
2106 2303 2179 2347 in·

444 2373 574 2417 venit
598 2370 971 2417 scitamenta-’⁵
1003 2370 1231 2416 Amiciss.
1270 2369 1453 2415 Suus.
1527 2370 1689 2416 Etiam
1720 2374 1849 2417 circa
1877 2370 2178 2419 Lucet-num.

437 2437 885 2574 ῧνὲέξιέἐζξνεέο
903 2437 1124 2529 I'Ecluse
1147 2440 1364 2498 copiose.
1427 2439 1505 2485 Cl.
1544 2440 1701 2487 Rarus
1737 2446 1787 2487 et
1825 2441 2073 2487 Rari-uzu.
2112 2464 2180 2477 --·

403 2616 526 2662 Ona.
577 2617 648 2663 H.
671 2609 977 2679 polzJ'olz’unq
995 2615 1114 2661 Dec.
1142 2613 1341 2672 (cistas
1362 2613 1447 2670 1..)
1481 2628 1508 2659 a
1539 2619 1708 2660 nostro
1740 2615 1911 2660 saltem
1943 2615 2074 2659 feliis
2108 2616 2175 2659 la·

299 2686 507 2736 tion-ibus
540 2687 930 2743 elliptico-ovatis
947 2717 962 2741 ,
1000 2686 1136 2730 caule
1160 2685 1533 2742 procumbente,
1574 2691 1623 2729 et
1654 2685 1910 2740 praecipue
1935 2684 2176 2739 calyeibus

296 2756 482 2815 glabris
534 2757 732 2801 differre
775 2757 981 2800 videtur.
1032 2754 1158 2817 ⁴⁴Huc
1189 2756 1404 2801 refertur
1438 2754 1656 2809 „Cistus
1670 2749 1837 2816 soliis
1878 2753 2071 2801 crassis
2099 2761 2179 2800 to·

297 2825 543 2871 mentosis
571 2824 826 2886 elliptict‘s
851 2825 989 2872 linea
1017 2820 1284 2871 exarati?
1310 2825 1441 2869 Hali.
1466 2824 1605 2869 Helv.
1636 2821 1789 2870 1036.
1819 2835 1847 2867 a
1876 2837 2064 2870 summo
2091 2836 2180 2868 au·

297 2881 435 2939 ctore
464 2894 647 2953 absque
677 2894 879 2940 floribus
917 2896 1047 2940 circa
1078 2895 1291 2942 leucam
1315 2898 1568 2966 repertus,
1606 2898 1655 2938 et
1681 2908 1712 2938 a
1742 2894 2001 2938 Carreum
2033 2895 2177 2939 etiam

295 2966 345 3011 in
375 2964 451 3010 M.
489 2964 663 3011 Pilato
682 2966 919 3010 inventus.
967 2965 1190 3009 Plantam
1209 2962 1325 3007 mihi
1362 2963 1805 3021 recentioribusque
1824 2977 2058 3022 nusquam
2091 2963 2178 3008 ob-

293 3036 423 3078 viam
455 3034 647 3079 omitto.
705 3030 799 3080 Sed
829 3034 979 3079 verba
1007 3033 1227 3091 magistri
1259 3032 1501 3088 ipsissima
1520 3033 1835 3078 exscribenda
1847 3046 1955 3078 esse
1980 3046 2175 3078 censeo.

293 3104 778 3162 -„Radixlignosa‚
805 3105 1034 3157 maxima,
1067 3103 1380 3147 multicaulia.
1418 3101 1594 3147 Caules
1613 3103 1807 3162 lignosi,
1828 3104 2079 3159 prostrati,
2101 3102 2177 3147 fo-

291 3173 429 3230 liosi3
468 3173 586 3217 folia
603 3177 699 3218 tota
713 3177 924 3218 tomento
937 3170 1048 3216 albo
1062 3171 1295 3227 obducta,
1324 3172 1511 3217 inferne
1533 3173 1687 3232 magis
1701 3172 1890 3227 albida,
1933 3175 2034 3217 oris
2060 3186 2176 3217 con·

297 3243 498 3297 tractis,
538 3256 689 3288 nervo
706 3243 894 3290 inferne
913 3244 1170 3288 eminente.
1230 3241 1510 3287 Florentein
1534 3256 1628 3287 non
1655 3242 1781 3301 legi,
1822 3244 1905 3287 sed
1932 3254 1991 3286 ex
2016 3241 2174 3285 Gallia

292 3317 344 3357 et
378 3313 519 3357 ltalia
550 3312 726 3367 habui,
783 3303 917 3358 caule
953 3312 1138 3368 pedali,
1206 3315 1512 3366 tomentoso‚
1574 3312 1777 3356 floribus
1811 3310 2083 3354 rarioribus
2120 3310 2168 3356 in
2257 3317 2266 3332 ‘

292 3382 487 3440 petiolis
532 3382 781 3438 unifloris,
819 3382 1007 3441 magnis
1049 3381 1297 3439 albisque,
1338 3381 1516 3436 calycis
1552 3380 1685 3425 foliis
1709 3379 1929 3435 lineatis,
1967 3380 2171 3424 minori·

292 3450 417 3506 bus,
463 3451 798 3511 perangustis,
837 3452 995 3497 fructu
1033 3451 1364 3496 tomentoso.‘'
1431 3450 1561 3495 citat
1596 3443 1714 3497 Diu.
1758 3448 1891 3494 Elth.
1938 3448 2036 3497 tab.
2080 3444 2168 3494 23.

290 3518 375 3579 fig.
409 3518 456 3565 6.
515 3519 711 3567 Cinam
738 3520 976 3568 humilem
1005 3520 1053 3564 11
1090 3520 1225 3566 Clus.
1247 3520 1384 3577 flisp.
1413 3533 1462 3575 p.
1491 3514 1609 3565 152.
1642 3522 1692 3564 et
1722 3519 1928 3563 Pluken.
1956 3517 2054 3563 tab.
2080 3514 2166 3563 23.

287 3588 374 3649 fig.
406 3587 455 3635 6.
528 3590 701 3636 Planta
742 3590 1052 3636 cni-zum
1091 3592 1284 3636 nomine
1313 3590 1386 3637 H.
1424 3588 1700 3644 saxatilis,
1741 3582 1908 3651 solite
1929 3593 1984 3633 et
2005 3585 2167 3635 cauli·

287 3656 384 3707 bus
407 3655 840 3726 incanisfloribus
860 3658 996 3708 albis
1018 3661 1230 3705 manzer.
1259 3659 1441 3718 Pugill.
1467 3657 1566 3706 tab.
1596 3655 1648 3705 8.
1675 3658 1901 3717 insignita
1925 3661 2050 3703 erat.

402 3837 573 3893 1209.
639 3834 1141 3891 Hamanrnamum
1181 3834 1571 3909 sae’iczjfolium
1613 3833 1786 3890 Pers.
1833 3862 1895 3874 —
1938 3830 2019 3889 H.
2054 3847 2165 3888 an·-

198 3969 199 3972 ,
285 3946 506 3997 nuum,
566 3925 997 3996 adscendens,
1030 3928 1338 3997 villosum,
1382 3926 1539 3984 foliis
1583 3925 1893 4003 ellipticis=
1936 3923 2167 3981 florali-

286 4019 400 4079 bus
454 4022 703 4086 alternis
756 4024 1201 4092 ovato-acutis,
1268 4020 1619 4098 pedunculis
1685 4016 2158 4078 horizontalibus
