2669 4742
784 424 1602 494 X11.1COSANDR1A.
2001 427 2120 491 337

333 572 403 625 R.
430 577 527 642 εἰ]
530 570 657 625 losa
682 569 1083 646 ssdeucocluoa
1106 569 1226 622 Ser.
1247 572 1303 621 in
1326 569 1463 621 Dec.
1482 565 1670 622 Prodr.
1697 571 1750 620 2.
1775 584 1826 636 p.
1837 569 1969 625 599.
1981 586 2037 620 n.
2065 575 2142 627 8.

405 647 473 698 R.
499 644 835 699 leucoclaroa
875 644 1037 695 Desv.
1077 645 1270 697 Journ.
1307 644 1437 696 Bot.
1466 644 1630 702 1809.
1659 656 1796 694 tom.
1822 645 1875 694 2.
1910 662 1964 713 ρ
1993 645 2125 701 316,

408 722 577 779 1815.
613 737 664 789 ρ.
688 722 816 775 113.
836 734 889 771 et
911 718 1124 789 Andeg.
1151 722 1280 775 155.
1320 720 1469 770 Lois.
1489 718 1690 771 Notice
1711 723 1801 775 80.
1846 719 1907 769 R.
1927 718 2124 770 brevi-

407 797 571 864 styla
597 794 732 847 Dec.
761 792 838 845 Fl.
867 793 953 845 Fr.
978 794 1172 864 Suppl.
1202 796 1408 863 p.557.
1431 810 1492 846 n.
1511 794 1656 850 5714
1689 791 1739 845 b.
1802 793 1870 845 R.
1905 795 2122 846 collina

406 864 549 940 (non
567 867 756 939 Jacq.)
774 867 959 923 Smith
978 866 1138 936 Engl.
1167 869 1403 926 Bot.27.
1428 882 1480 937 p.
1503 868 1669 923 1895.

327 1009 499 1063 Dm.
538 1009 579 1061 1.
607 1025 659 1063 c.
698 1008 810 1062 tab.
854 1011 943 1066 15.
1018 1011 1086 1064 R.
1133 976 1458 1083 brevtst'yta
1497 1009 1559 1060 R.
1595 1024 1646 1061 et
1678 1007 1786 1061 Th.
1828 1010 1887 1066 6.
1919 1005 2030 1063 tab.
2063 1012 2120 1064 1.

333 1088 338 1093 ’
403 1080 864 1158 (pulcherrima).
904 1084 1063 1156 Engl.
1082 1085 1212 1139 Bot‘.
1242 1085 1283 1138 l.
1306 1088 1356 1141 (3.
1382 1082 1492 1138 tab.
1521 1085 1687 1143 1895.
1720 1085 2017 1154 (optima).

250 1176 298 1253 β
335 1177 695 1249 corymbo-m.

366 1305 414 1361 F
428 1305 759 1362 ruticem
796 1307 1103 1384 hucusque
1141 1308 1206 1364 in
1230 1305 1803 1364 Helvetia'nondum
1840 1308 2123 1383 recogni-

254 1409 379 1454 tum
416 1398 532 1455 hoc
571 1418 729 1456 anno
770 1394 972 1474 (1826)
1001 1393 1086 1458 Δειά
1125 1401 1433 1474 sylvarum
1471 1419 1608 1473 oras
1660 1418 1946 1476 sepesque
1984 1410 2120 1456 tan-

254 1491 389 1547 dem
427 1492 646 1548 detexi.
727 1491 1047 1563 Habitu,
1103 1495 1322 1570 optime
1361 1494 1638 1550 innuente
1679 1494 1770 1550 Cl.
1817 1492 2115 1563 Summos,

251 1596 316 1641 ut
347 1587 481 1660 ipsa
521 1588 592 1641 R.
632 1592 873 1658 stysosa‘
898 1609 944 1645 α
985 1570 1452 1657 Βεὲναιικίὰηα,
1484 1589 1767 1663 ‘proxime
1805 1587 1880 1643 ad
1917 1591 1981 1643 R.
2015 1606 2122 1640 ca-

250 1687 452 1732 ninam
507 1679 771 1749 accedit,
841 1691 905 1737 ut
942 1681 1188 1737 nonnisi
1233 1677 1891 1737 curiosius'observata
1935 1676 2008 1735 ab
2049 1698 2119 1735 ea

248 1770 537 1847 distingui
579 1784 773 1849 queat,
854 1773 1266 1849 Magnitudine
1319 1792 1444 1831 non
1482 1771 1716 1842 differt,
1784 1773 1891 1846 sed
1941 1770 2119 1829 habet

245 1882 496 1921 ramos
524 1852 883 1934 erectiores,
925 1884 1118 1943 neque
1145 1867 1745 1941 arcuato-pendulos.
1830 1865 2117 1923 Cortex

247 1958 309 2012 in
348 1954 620 2014 caulibus
662 1961 929 2033 griseus,
971 1962 1035 2016 in
1072 1948 1260 2015 ramis
1302 1946 1668 2035 ramulisque
1707 1960 1924 2027 laevis,
1968 1960 2119 2016 viri-

246 2048 575 2106 diusculus.
656 2051 926 2108 Ac‘ulei
964 2052 1177 2120 validi,
1218 2054 1543 2126 purpurei,
1606 2052 1856 2120 adunci,
1901 2051 1977 2108 ad
2015 2071 2119 2107 ra-

245 2143 438 2201 mulos
479 2145 687 2217 parvi,
754 2142 971 2201 breves
1010 2164 1340 2222 parumque
1375 2147 1641 2214 curvati,
1711 2147 1864 2203 infra
1907 2145 2116 2202 axillas
2158 2151 2169 2156 ’

246 2238 599 2313 saepissime
639 2232 940 2319 geminati.
983 2300 986 2307 ⁴
1020 2238 1241 2297 Folia
1288 2241 1353 2295 in
1406 2250 1614 2295 nostra
1648 2241 1843 2314 ,stirpe
1882 2237 1984 2296 bi-
2023 2239 2120 2295 vel

244 2331 487 2406 saepius
528 2332 787 2409 triiuga=
858 2349 1084 2398 summa
1125 2351 1251 2390 non
1300 2351 1444 2415 raro
1483 2342 1740 2416 ternata.
1800 2333 2118 2391 'Petioli

239 2424 650 2499 pilosiusculi,
691 2426 917 2482 minute
956 2425 1290 2482 aculeolati.
1369 2426 1673 2482 Foliola
1722 2436 1985 2482 saturate
2026 2427 2119 2483 vi-
2194 2485 2197 2488 ,
2260 2421 2267 2428 ’

240 2520 437 2574 rentia
479 2518 570 2593 (in
593 2518 744 2574 locis
769 2520 997 2593 apricis
1023 2519 1225 2593 potius
1259 2537 1334 2574 ex
1366 2518 1589 2575 luteolo
1616 2517 1892 2594 viridia),
1936 2519 2119 2575 dorso

239 2610 367 2667 fere
408 2611 791 2680 concolori'a,
833 2609 1071 2668 firmula
1098 2623 1176 2669 et·
1196 2613 1368 2688 quasi
1394 2612 1628 2667 laurina
1649 2653 1664 2679 ,
1693 2615 1758 2667 ut
1798 2630 1864 2667 ea
1899 2627 2120 2686 peren-

239 2705 340 2761 nia
393 2723 528 2761 esse
579 2705 893 2773 crederes,
967 2704 1119 2762 facie
1174 2703 1577 2779 splendentia
1603 2702 2115 2782 glaberrimaque,

240 2796 456 2855 subtus
496 2798 574 2854 ad
614 2785 841 2854 costam
879 2816 1182 2875 venasque
1220 2790 1644 2872 pilosiuscula‘,
1711 2789 1917 2867 acuta,
1974 2800 2120 2858 sim-

237 2891 484 2965 pliciter
538 2890 644 2947 sed
694 2891 1087 2967 inaequaliter
1137 2901 1403 2959 serrata,
1466 2891 1872 2967 eglandulosa.
1955 2891 2122 2949 Sti-

237 2985 469 3059 pulae
508 3002 634 3040 non
672 2984 861 3053 latae,
903 2984 1176 3052 eiliatae,
1214 2981 1736 3060 subglandulosae.
1768 3024 1776 3031 ·
1817 2985 2123 3042 Pedun-

240 3078 402 3135 culi
437 3076 819 3147 terminaleS‚
864 3078 1151 3146 solitarii,
1193 3079 1263 3133 in·
1294 3073 1426 3135 var'.
1463 3082 1510 3158 β
1551 3081 1697 3149 2-6,
1741 3078 2120 3153 corymbosi,

242 3190 421 3247 quam
462 3169 706 3225 caninae
754 3167 1104 3248 longiores,
1175 3181 1353 3250 utet
1407 3172 1630 3246 calycis
1683 3171 1862 3228 tubus
1916 3173 2121 3229 setulis

238 3262 532 3321 brevibus
550 3306 567 3332 ,
611 3263 838 3320 dissitis
857 3306 873 3333 ,
918 3265 1155 3339 saepius
1186 3265 1355 3339 apice
1383 3264 1790 3340 glanduliferis
1812 3265 2116 3340 hispiduli.

238 3357 516 3414 Flores
554 3357 929 3432 fragrantes,
985 3356 1294 3430 lca'lycis
1332 3355 1479 3414 tubo
1520 3356 1814 3432 oblongo,
1881 3358 2117 3414 laciniis

238 3450 470 3506 corolla
499 3448 919 3518 brevioribus,
958 3433 1464 3527 triangularibus,
1507 3452 1570 3506 in
1610 3468 1859 3506 acumen
1890 3450 2120 3506 lineare

238 3545 653 3606 acutissimum
685 3537 1000 3619 productis
1019 3586 1036 3612 ,
1102 3562 1213 3618 per
1249 3536 1694 3616 florescentiam
1738 3540 2116 3618 patentibus,

237 3637 477 3692 anthesi
510 3647 755 3711 peracta
794 3635 1070 3694 reflexis:
1114 3642 1149 3698 5
1188 3634 1592 3711 pinnatifidis..
1660 3637 1935 3696 Petala
1972 3654 2121 3712 pro-

236 3730 454 3786 funde
447 3728 852 3798 obcordata,
888 3727 1020 3786 alba
1061 3748 1119 3787 v.
1159 3748 1342 3786 roseo
1382 3732 1604 3798 tincta,
1660 3730 1830 3787 valde
1868 3729 2117 3788 caduca.

239 3821 524 3879 Discus
566 3842 617 3879 s.
661 3821 834 3878 floris
873 3823 1318 3906 receptaculum
1358 3813 1683 3893 elevatum,
1744 3824 2122 3897 hemisphae-
2205 3896 2210 3899 .

240 3918 437 3973 ricum
469 3935 528 3974 v.
560 3918 871 3985 conicum,
916 3915 1206 3992 {lavicans
1250 3936 1305 3974 v.
1349 3935 1650 3973 croceum.
1732 3916 1774 3973 S
1791 3916 1941 3990 tyli
1979 3915 2124 3975 bre-

242 4009 487 4068 vissime
512 4011 741 4067 exserti
765 3991 1121 4088 coalitique,
1157 4012 1316 4070 inter
1343 4010 1566 4085 calycis
1592 4010 1809 4067 collum
1829 4009 2118 4084 distincti·

299 4128 466 4175 Gau-liu
486 4131 617 4175 Flora
644 4130 755 4173 helv.
782 4130 862 4174 111.
1189 4171 1193 4175 .
1657 4104 1738 4167 22
