2669 4742
722 469 925 532 vm.
977 440 1588 536 oc'sANDRIA.
1988 454 2063 537 31
2121 478 2128 487 ‘

220 609 341 666 dide
375 611 703 684 purpurei,
760 597 1109 667 suavissime
1147 611 1407 679 olentes,
1462 610 1594 667 basi
1631 611 1887 668 bracteis
1925 613 2068 670 hre-

219 705 471 759 vissimis
502 688 796 769 truncatis
834 704 1297 780 pubescentibus
1341 707 1560 780 stipati.
1628 705 1935 780 Calycis
1975 720 2069 764 tu·-

216 797 317 853 bus
341 796 710 873 praelongus
729 840 744 867 ,
790 800 1030 874 gracilis
1047 842 1063 867 ,
1108 800 1472 873 cylindricus
1497 819 1610 857 nec
1637 819 1895 875 superne
1923 801 2073 858 dila-

215 902 366 948 tatus
385 934 402 959 ,
472 910 550 947 ex
599 892 817 949 incano
862 895 1063 950 fuscus
1084 937 1098 961 ,
1165 895 1303 969 pilis
1353 894 1654 969 adpressis
1701 895 2032 970 pubescens
2052 939 2066 963 ,

215 987 413 1041 nervis
450 987 576 1040 fere
603 989 839 1043 octonis
864 987 1230 1064 longitudine
1257 1007 1581 1063 percursus
1600 1033 1615 1059 ,
1659 978 1848 1066 neque
1874 1002 2071 1046 tamen

215 1081 535 1154 conspicue
569 1083 850 1148 striatuS,
904 1080 1088 1138 limbo
1120 1081 1419 1151 breviori,
1463 1083 1699 1157 patulo.
1741 1085 2065 1158 4-partito,

219 1175 532 1249 segmentis
561 1175 1140 1242 ovatosslanceolatis,
1171 1175 1614 1233 obtusiusculis.
1678 1176 2069 1234 Ge'nitalia

217 1267 475 1335 inclusa3
519 1270 700 1323 anth
718 1286 846 1323 era
863 1287 893 1323 e
932 1288 1045 1343 pro
1087 1271 1324 1344 generis
1351 1289 1517 1326 more
1542 1270 2072 1344 tetradynamicae‚

217 1360 600 1431 subsessiles,
666 1360 1007 1438 oblongae,⁴
1047 1363 1257 1418 luteae.
1341 1364 1701 1420 Fructum
1752 1383 1875 1420 non
1915 1364 2065 1421 vidi.

217 1455 312 1528 (D.
354 1454 446 1529 v.)
1101 1448 1106 1453 ’
1180 1458 1183 1461 “

282 1575 408 1619 nab.
441 1576 489 1618 in
526 1576 715 1629 pascuis
751 1561 942 1630 Alpiuin
968 1575 1208 1620 Helvetiae
1245 1564 1514 1620 orientalis
1550 1581 1597 1621 et
1632 1578 1679 1620 in
1715 1578 1954 1621 montibus
1984 1578 2069 1622 Iu·

350 1645 494 1690 ranis
524 1644 650 1688 haud
685 1645 976 1702 infrequens.
1051 1645 1105 1688 In
1140 1645 1341 1700 Alpibus
1376 1645 1702 1692 Saltem-ium.
1768 1646 1825 1691 C.
1855 1646 2071 1690 stxssn.

348 1715 405 1756 ln
426 1716 532 1769 alpe
552 1715 774 1760 Fismatt
809 1715 1160 1761 Uranensium.
1203 1715 1300 1759 LI.
1329 1716 1667 1759 Senzuenzzn.
1710 1716 1761 1759 In
1788 1717 1860 1760 M.
1878 1717 2069 1760 Pilato.

352 1785 536 1827 Bonna.
609 1783 664 1827 ln
695 1785 766 1828 Μ.
798 1783 951 1828 Γνᾶἱα
985 1789 1033 1826 et
1067 1784 1114 1826 in
1145 1783 1401 1845 Spelugae
1438 1786 1511 1827 via
1548 1798 1697 1839 prope
1734 1786 2069 1829 diversorium.

361 1854 437 1897 Cl.
465 1854 604 1897 D1cx.
681 1853 840 1905 lum.
874 1853 1062 1913 Regio,
1113 1852 1555 1898 Heben-Mesmer
1602 1861 1651 1898 et
1696 1850 2073 1915 Tiefenkasten.

360 1923 400 1965 1.
443 1923 653 1966 (ἔκηα.
730 1924 782 1966 ln
824 1922 1022 1977 rupibus
1060 1934 1207 1976 prope
1245 1924 1459 1976 Moron,
1509 1920 1630 1981 pres
1673 1921 1748 1966 les
1781 1921 2076 1981 'Corps-de-

349 1993 535 2052 garde,
574 1999 623 2035 et
657 1991 687 2034 ὰ
725 1992 774 2035 la
811 1992 980 2038 Chaux
1017 2004 1164 2045 prope
1196 1990 1246 2034 la
1285 1991 1517 2035 Brevine.
1570 1991 1847 2035 GAGNEBIN.
1922 1992 1973 2034 ln
2000 1993 2069 2035 M.

358 2062 582 2121 Wiggis
618 2061 1003 2107 Glaronensium
1039 2065 1085 2104 et
1116 2060 1162 2104 in
1200 2060 1401 2114 Alpibus
1442 2061 1667 2108 Claridis
1700 2062 1815 2105 vidi.
1891 2061 1943 2104 In
1971 2063 2073 2104 eius

350 2132 460 2188 pagi
498 2130 698 2184 Alpibus
751 2145 776 2172 a
827 2120 1027 2186 quatuor
1077 2144 1221 2186 usque
1271 2133 1326 2172 ad
1378 2144 1462 2173 sex
1499 2131 1649 2173 millia
1701 2133 1872 2185 pedum
1932 2140 2075 2185 supra

256 2196 263 2205 ’
346 2208 480 2242 mare
519 2200 659 2242 editis
706 2200 1094 2256 frequentissima
1142 2214 1248 2263 cuin
1302 2200 1367 2242 D.
1405 2200 1660 2244 Mezereo.
1752 2200 1827 2244 Cl.
1876 2200 2073 2244 Heort-

347 2282 652 2320 scnwumzn.
728 2266 859 2330 Λα]
877 2268 986 2313 dem
1016 2267 1378 2330 Augstenberg
1410 2274 1456 2313 et
1490 2270 1537 2312 in
1574 2268 1683 2311 aliis
1705 2269 1906 2324 Alpibus
1931 2271 2074 2314 rhae-

344 2338 497 2393 ticis,
537 2340 751 2394 copiose.
827 2339 901 2383 Cl.
930 2339 1146 2383 Rozscu.
1222 2339 1273 2381 In
1312 2338 1383 2381 Μ.
1412 2338 1537 2383 Iura
1572 2351 1716 2393 supra
1755 2339 1925 2383 Gimel
1958 2338 1988 2383 ὰ
2024 2337 2076 2383 la

342 2403 507 2455 Sbehe
551 2409 641 2453 des
690 2401 987 2453 Evnbornau
1033 2414 1080 2452 et
1127 2422 1190 2451 au
1227 2406 1323 2466 pre'
1358 2407 1421 2450 d'e
1457 2406 1608 2452 Βῗὲνε
1656 2410 1713 2450 ad
1756 2410 1908 2463 ipsam
1951 2410 2075 2452 viam

252 2527 259 2534 ,
343 2480 564 2536 regiam,
605 2492 695 2535 qua
727 2492 813 2533 per
845 2478 916 2520 M.
939 2476 1236 2611 Ιὲαιτήαίνα
1266 2478 1314 2520 iu
1347 2477 1520 2520 vallem
1543 2478 1810 2538 lugensem
1846 2480 2071 2523 tenditur.

348 2571 412 2580 -—
453 2549 529 2591 ΕΙ.
570 2548 660 2590 lul.
702 2553 749 2592 et
781 2546 905 2605 Aug.
1019 2577 1030 2589 .

313 2634 434 2679 Ons.
497 2636 573 2678 An
613 2636 799 2689 omnia,
857 2648 975 2691 quae
1019 2636 1075 2677 de
1120 2635 1278 2687 planta
1313 2634 1470 2687 alpina
1510 2639 1747 2677 nostrates
1784 2635 2078 2688 scripserunt

216 2705 265 2750 ad
301 2705 513 2748 formam
539 2704 694 2748 1011ve
725 2703 1019 2757 pertineant,
1062 2708 1142 2746 aut
1166 2704 1290 2745 inter
1317 2716 1399 2746 eas
1431 2703 1750 2755 dispertienda
1776 2704 1899 2756 siut,
1940 2708 2074 2758 plane

216 2776 412 2831 ignoro,
458 2788 565 2820 cum
595 2775 643 2817 in
676 2773 932 2824 itineribus
969 2772 1141 2827 alpinis
1167 2774 1405 2827 plantam,
1444 2778 1494 2814 ut
1517 2772 1797 2826 videbatur,
1838 2773 1952 2817 mihi
1980 2774 2075 2817 iam

216 2846 324 2887 satis
361 2849 528 2890 notam
559 2844 783 2886 attentius
833 2844 1136 2890 considerare
1185 2842 1499 2906 neglexerim.
1590 2842 1643 2885 In
1693 2844 1871 2890 nosti-is
1919 2849 2075 2888 autem

214 2917 453 2959 montibus
491 2912 671 2957 iuranis
709 2912 862 2955 forma
899 2925 1153 2956 canescens
1190 2913 1560 2960 solaloccurrit.

318 3052 401 3107 II.
450 3050 706 3105 DAPHNE
746 3053 1024 3105 Cneorum
1069 3049 1311 3113 striata,
1357 3046 1749 3121 glaberrima,
1802 3080 1861 3090 —
1906 3048 2078 3107 flori·-

1797 3114 1824 3122 Η

213 3144 323 3201 bus
364 3142 710 3212 sessilibuS‚
754 3139 896 3197 tubo
937 3158 1175 3197 sursum
1216 3137 1461 3196 dilatato
1501 3142 1732 3197 striato.

284 3260 365 3312 D.
399 3239 678 3312 cneorum
713 3254 1023 3314 Wahlenb.
1055 3237 1213 3308 Helv.
1241 3258 1330 3308 72.
1377 3271 1431 3308 et
1457 3255 1621 3325 Carp.
1659 3255 1823 3309 Labr.
1856 3221 1909 3308 ent
1936 3258 2071 3327 Heg.

362 3335 445 3387 Ic.
488 3332 652 3385 Helv.
688 3330 827 3385 fasc.
865 3332 956 3384 25.
1002 3329 1111 3382 tab.
1149 3333 1201 3386 3.
1278 3329 1359 3382 D.
1400 3337 1622 3382 striata
1666 3331 1845 3383 Tratt.
1886 3330 2073 3384 Steud.

355 3405 656 3462 Nomencl.
696 3422 751 3459 et
776 3407 977 3459 Enum.
1014 3403 1204 3457 Prodr.
1227 3403 1575 3461 Wilkstr6m
1612 3402 1677 3455 de
1717 3404 1970 3475 Daphne.
2004 3433 2080 3446 —
2147 3459 2154 3462 Α

360 3482 647 3537 Schleich.
681 3497 790 3535 cat.
823 3484 988 3540 1821.
1061 3481 1263 3533 Thom.
1292 3496 1401 3533 exs.
1442 3480 1590 3533 ined.
1619 3478 1769 3535 sich.
1797 3479 1962 3533 Herb.
1995 3478 2077 3533 Fl.

268 3585 275 3592 ·
360 3561 550 3611 Austr.
2139 3577 2142 3580 “

328 3687 485 3742 Toto
538 3684 745 3742 habitu
795 3683 1092 3758 plerisque
1149 3684 1281 3738 aliis
1341 3685 1501 3738 notis
1551 3694 1673 3739 tam
1726 3695 1888 3740 arcte
1928 3682 2077 3737 *cum

215 3782 404 3853 priori
447 3780 770 3835 coniuncta
816 3787 937 3844 est,
993 3788 1057 3831 ut
1094 3795 1214 3832 non
1259 3778 1380 3832 nisi
1417 3774 1894 3835 fructificationis
1936 3795 2077 3849 par-

217 3873 370 3929 tibus
422 3872 714 3947 distingui
764 3880 1002 3945 queant.
1109 3871 1312 3945 Itaque
1374 3870 1498 3926 fere
1558 3872 1752 3925 onmia
1787 3869 1878 3949 ⁴ad
1932 3869 2075 3924 alias

216 3967 550 4039 plantarum
606 3982 816 4021 earum
864 3975 1064 4037 partes
1121 3966 1485 4037 spectantia,
1539 3951 1703 4037 *quae
1756 3961 1933 4017 habet
1983 3962 2069 4017 Cl.

218 4061 637 4131 wammam,
710 4060 1121 4113 inconstantia
1173 4069 1230 4111 et
1286 4056 1514 4120 ludicra
1570 4066 1726 4110 sunt.
1828 4056 2078 4132 ‘Pi-actor
