2669 4742
515 505 641 572 438
914 496 917 501 ⁸
980 500 1187 569 XIII.
1254 497 1911 573 POLYANDRIA.

665 641 877 703 Willd.
900 642 993 716 Sp.
1024 642 1110 699 1³1.
1130 645 1188 700 2.
1218 658 1275 715 p.
1307 645 1474 701 1151.
1538 642 1689 696 Pers.
1721 639 1855 714 Syn.
1883 620 1938 695 2.
1965 657 2020 714 p.
2038 639 2135 698 65.
2194 640 2393 711 Nym-

659 722 849 792 phaea
863 722 1023 774 lutea
1044 720 1093 799 β
1110 719 1336 789 pumila
1361 719 1552 772 Timm
1571 721 1630 771 iu
1644 716 1799 789 Mag.
1820 716 2094 773 Makna.
2117 711 2385 789 p.256*).

590 852 774 911 Smith
793 852 835 909 l.
865 870 916 910 ο.
941 853 1057 913 tab.
1079 855 1247 914 2292.
1286 851 1383 909 cf.
1402 853 1610 926 Spenn.
1633 852 1674 908 1.
1698 868 1750 906 c.
1778 851 1889 907 tab.
1917 857 1950 909 1
1978 868 2033 907 et
2058 855 2113 907 2.

626 981 728 1040 Ra
749 982 877 1040 dix
931 982 1204 1040 rhizoma
1271 982 1518 1061 longum
1532 1023 1551 1051 ,
1623 980 1997 1039 horizontale
2012 1021 2031 1049 ,
2113 980 2385 1057 squamis

514 1073 859 1144 obsessum,
919 1076 997 1134 ad
1044 1076 1237 1135 nodos
1274 1074 1463 1136 fibras
1504 1093 1857 1133 numerosas
1901 1073 2386 1150 praelongasque

512 1181 575 1228 et
612 1188 768 1231 nova
806 1170 1141 1228 rhizomata
1176 1169 1565 1246 protrudens.
1643 1169 1691 1227 F
1708 1168 1862 1226 olia
1908 1167 2162 1244 duplicis
2203 1177 2391 1224 natu-

511 1282 653 1332 rae,
718 1261 1030 1321 submersa
1092 1282 1305 1340 nempe
1359 1274 1419 1320 et
1462 1281 1695 1320 emersa
1746 1263 2165 1339 natantiaque=
2235 1258 2388 1317 suh-

509 1374 707 1415 mersa
747 1358 811 1414 in
848 1358 1115 1415 rosulam
1152 1376 1185 1415 e
1221 1358 1573 1417 rhizomatis
1609 1355 1785 1414 nodis
1823 1355 2194 1430 erumpentia
2213 1395 2231 1424 ,
2273 1372 2387 1429 pe-

509 1450 718 1507 tiolum
742 1452 868 1508 fere
890 1452 1238 1529 aequantia,
1278 1450 1767 1531 membranacea,
1806 1449 2156 1507 tenuissima
2174 1489 2192 1518 ,
2235 1445 2387 1505 sub-

470 1542 840 1620 'pellucida,
893 1546 1174 1622 utrinque
1211 1545 1586 1627 laevissima,
1640 1541 2381 1610 semiorbiculato-ovata,

509 1636 1114 1716 cordato-sagittata,
1179 1639 1627 1716 emarginatura
1675 1638 1907 1697 scilicet
1950 1636 2067 1694 late
2106 1646 2167 1693 et
2204 1632 2387 1693 obtu-

508 1730 746 1787 sissime
802 1731 1196 1808 triangulari,
1261 1732 1550 1791 auriculis
1605 1730 1943 1790 rotundatis
1962 1772 1978 1798 ,
2045 1729 2380 1805 elongatis,

510 1822 1212 1901 divergenti-protensis.
1290 1814 1692 1890 Foliorum
1728 1825 2062 1883 natantium
2098 1822 2384 1898 petioli

507 1919 973 1995 2-12-pedales,
1016 1919 1306 1997 graciles,
1349 1920 1482 1978 fere
1512 1916 1821 1979 filiformes
1839 1960 1855 1986 ,
1894 1917 2046 1975 laete
2084 1919 2378 1985 virentes,

506 2012 834 2087 ancipitesg
895 2011 1116 2088 limbus
1152 2014 1506 2092 plerumque
1543 2014 1649 2071 vix
1683 2010 2000 2072 biuncialis
2023 2052 2039 2080 ,
2082 2011 2146 2067 in
2184 2011 2385 2067 maxi-

504 2105 621 2162 mis
651 2105 1021 2177 triuucialis,
1086 2106 1240 2164 facie
1274 2107 1427 2165 laete
1467 2107 1714 2176 viridis,
1770 2104 2203 2187 glaberrimus‚
2272 2104 2382 2161 sed

504 2199 748 2273 punctis
788 2197 1032 2256 elevatis
1072 2197 1289 2258 crebro
1326 2210 1603 2270 notatus,
1661 2199 1843 2257 dorso
1886 2198 2379 2256 cinereo-virens

506 2288 599 2365 (in
652 2289 855 2366 planta
923 2293 1226 2352 exsiccata
1289 2305 1495 2351 crusta
1551 2294 1825 2352 calcarea
1888 2293 2119 2370 grisea,
2199 2291 2379 2351 facile

506 2383 758 2442 eluenda
798 2405 854 2444 v.
899 2385 1258 2465 detergenda
1312 2387 1605 2447 obductus
1649 2400 1710 2447 et
1757 2389 1929 2465 quasi
1951 2390 2376 2462 tomentosns),

504 2478 643 2557 pilis
666 2480 936 2551 sericeis,
975 2482 1101 2539 fere
1140 2483 1469 2558 adpressis,
1495 2481 1868 2541 brevissimis
1902 2479 2377 2557 subpubescens,

504 2573 723 2631 nervis·
742 2575 1145 2647 tenuissimis,
1211 2577 1485 2653 peltatiS,
1554 2576 1659 2653 qui
1694 2578 1759 2632 in
1800 2576 2023 2651 pagina
2061 2576 2379 2649 superiore

505 2682 632 2722 non
678 2681 1066 2743 comparent,
1126 2672 1482 2728 instructus.
1563 2667 1992 2726 Pedunculi
2040 2685 2115 2724 ex
2168 2667 2381 2725 eadem

503 2760 709 2817 rosula
750 2779 820 2819 ac
858 2762 999 2820 folia
1048 2774 1177 2821 tum
1212 2762 1561 2832 submersa,
1614 2773 1741 2840 tum
1776 2780 2041 2831 emersa,
2110 2779 2245 2818 sese
2281 2763 2381 2818 ul·-

504 2863 602 2910 tra
640 2872 827 2930 aquae
874 2843 1253 2932 superficiem
1297 2857 1648 2914 extollentes
1664 2896 1683 2924 ,
1747 2854 1969 2913 tere'tes
1987 2896 2004 2925 ‚
2069 2855 2376 2912 multoties

508 2947 875 3018 crassiores,
937 2967 1116 3027 quam
1162 2951 1372 3027 petioli
1392 2992 1409 3021 ‚
1452 2950 1714 3008 tenuiter
1754 2950 1971 3008 striati.
2051 2948 2233 3006 Flos
2273 2950 2378 3007 vix

504 3040 912 3116 magnitudine
949 3046 1195 3100 Calchas
1227 3048 1554 3115 palustris,
1594 3043 1816 3119 phyllis
1860 3044 2121 3120 quinque
2153 3044 2376 3109 erectis

506 3133 1000 3205 conniventihuS,
1066 3139 1384 3207 concavis,
1446 3137 1627 3195 dorso
1667 3135 2035 3219 virentibus,
2099 3138 2375 3213 margine

505 3238 569 3285 et
605 3229 764 3306 intus
801 3229 1000 3287 luteis.
1095 3228 1555 3307 Stigmatum
1592 3234 1739 3289 8-11
1780 3230 1982 3288 discus
2022 3231 2087 3287 in
2123 3231 2376 3294 totidem

503 3320 739 3382 lobulos
788 3323 1190 3400 triangulares
1240 3336 1449 3382 acutos
1501 3325 1528 3398 (
1542 3322 1958 3400 „marginibus
2002 3322 2242 3381 demum
2276 3342 2380 3380 re·-

506 3414 734 3485 ssexus,
789 3428 856 3474 ut
891 3416 1015 3476 lobi
1056 3420 1157 3475 vix
1194 3417 1611 3494 appareant,”
1648 3415 2118 3492 Wanmsnsao)
2169 3418 2380 3474 stella-

507 3509 614 3568 tim
653 3509 901 3567 divisus.
982 3511 1196 3570 Cetera
1221 3513 1347 3590 fere
1374 3525 1442 3572 ut
1471 3515 1535 3572 in
1561 3514 1787 3590 priori,
1829 3512 1936 3570 sed
1961 3513 2161 3591 omnia
2194 3513 2376 3588 longe

506 3605 764 3663 minora.
844 3605 947 3674 (D.
992 3604 1074 3681 s.)
1095 3605 1213 3681 W).

609 3737 649 3795 “)
688 3736 873 3783 Nomen
910 3739 1005 3783 iam
1041 3743 1148 3784 ante
1181 3741 1361 3784 multos
1389 3752 1539 3783 annos
1577 3754 1605 3784 a
1641 3740 1891 3793 San-rato,
1944 3738 2023 3795 qui
2060 3738 2378 3781 wunneno-

505 3820 629 3854 vtum
662 3809 822 3864 potius
857 3821 998 3869 quam
1018 3808 1261 3856 ‘smmum
1293 3815 1344 3854 et
1373 3809 1719 3854 Bon-mmmm
1750 3811 1943 3853 secutus
1976 3811 2080 3861 est,
2122 3810 2375 3858 statutum,

507 3877 626 3924 bene
657 3881 880 3923 mouente
916 3877 995 3922 cl.
1022 3873 1280 3923 Snz‘snzao
1317 3879 1477 3936 utique
1514 3879 1899 3935 praeponendum
1934 3876 2142 3921 videtur.
2200 3875 2377 3921 Planta

500 3947 652 4000 anim,
691 3961 811 4004 quae
837 3953 1008 4002 scapos
1035 3949 1334 4007 petiolosque
1370 3945 1710 4006 5·12·pedales
1747 3948 1963 4005 profert,
2000 3943 2161 3994 vix'ae
2200 3959 2261 3991 ne
2293 3945 2376 3992 vix

497 4015 699 4075 pumila
727 4016 817 4062 dici
850 4020 1026 4073 potest.

607 4101 668 4161 ’Ἰ
701 4103 854 4153 Radix
878 4104 943 4163 (s.
971 4105 1141 4165 caulis)
1173 4106 1389 4161 rhizoma
1420 4120 1595 4165 repens
1618 4103 1812 4165 (Acori
1829 4102 2016 4155 calami
2050 4101 2265 4160 simile),
2305 4103 2373 4151 ci·
2453 4123 2492 4186 Ι
