2669 4742
770 404 984 472 XIII.
1050 405 1707 476 POLYANDRIA.
2052 414 2175 485 435

298 547 535 605 laciniis
585 538 860 623 oblongis
907 547 1516 606 lineari-lanceolatis·
1554 552 1724 626 apice
1778 549 2018 610 inflexis
2037 554 2173 611 ›ful-

300 644 511 720 visque
547 652 858 698 coronata.
939 639 1244 702 Semina
1281 643 1409 700 fere
1447 647 1785 716 Numam-is,
1844 645 1949 703 sed
1989 642 2170 706 indu-

297 737 390 792 sio
429 737 774 806 reticulari,
814 733 1113 812 pellucido
1151 736 1406 794 inclusa.
1484 735 1588 812 (D.
1628 745 1720 806 v.)

284 880 288 883 v
366 855 493 900 nab.
528 855 576 899 in
615 854 764 900 fossis
802 868 926 914 aqua
965 855 1122 911 plenis
1169 855 1597 915 protumHorssms,
1653 859 1835 917 stagnis
1878 858 2169 919 lacubusque

433 925 682 982 frequens.
755 924 828 975 Ιιι,
858 923 1064 970 vallibus
1104 925 1287 971 nostris
1326 926 1511 972 iuranis
1554 930 1711 972 tamen
1753 929 1907 974 deest.
1963 951 2031 964 --
2088 931 2168 977 Pl.

435 995 580 1039 Iulio.
615 982 705 1058 ⁵21..

400 1083 711 1130 Oes.l.1n
748 1081 836 1126 hac
869 1082 1028 1138 specie
1065 1082 1189 1126 haud
1224 1097 1365 1141 secus
1402 1097 1459 1129 uc
1496 1082 1544 1127 in
1577 1082 1940 1143 Nupharibus,
1976 1091 2171 1142 praeter

296 1144 414 1198 folia
449 1138 690 1207 natantia,
745 1152 864 1197 folia
901 1164 1089 1210 quoque
1124 1153 1383 1208 immersa,
1439 1153 1635 1210 petiolis
1671 1155 1823 1198 multo
1865 1155 2168 1202 brevioribus

295 1224 551 1269 insidentia
579 1224 783 1280 adsunt3
843 1223 928 1267 sed
958 1222 1152 1280 aegrius
1183 1222 1435 1268 observari
1463 1227 1697 1279 possunt,
1736 1224 1847 1281 quia
1883 1238 1970 1280 per
2005 1227 2170 1271 anthe-

296 1297 370 1339 sin
402 1295 684 1350 plerumque
710 1293 806 1336 iam
837 1295 1151 1337 evanuerunt.
1191 1292 1268 1337 Cl.
1291 1294 1632 1338 Senatu-nass.
1687 1292 1761 1337 Ea
1787 1294 1906 1338 folia
1934 1295 2011 1341 Cl.
2039 1296 2170 1340 Τυκ-

295 1377 376 1408 rn«
408 1364 456 1409 in
485 1364 686 1408 Chaum.
715 1362 793 1407 ΡΙ.
822 1358 954 1406 Med.
981 1362 1017 1406 1.
1047 1375 1091 1406 c.
1129 1363 1325 1416 petiolis
1351 1363 1469 1408 satis
1496 1363 1653 1422 longis
1677 1364 1923 1426 praedite,
1962 1365 2171 1425 oblonga

296 1440 345 1479 et
373 1439 510 1479 acute
544 1433 768 1492 sagittata
798 1431 878 1488 (an
901 1428 1167 1485 fideliter?)
1205 1431 1487 1489 depinxit').

403 1522 525 1569 Ons.
564 1522 630 1566 11.
671 1520 943 1566 Cl..Sn1r1-n
973 1520 1021 1564 in
1044 1517 1225 1568 Prodr.
1264 1521 1344 1566 ΡΙ.
1382 1519 1559 1566 Graec.
1593 1519 1886 1566 Sim-noum}
1924 1522 1987 1566 ob
2022 1522 2171 1569 flores

291 1593 341 1637 in
366 1591 670 1654 Nymphaea
693 1588 807 1636 alba
846 1603 960 1634 vere
989 1590 1293 1648 gynandros,
1333 1592 1493 1646 petala
1530 1589 1828 1648 staminaque
1856 1593 2061 1650 germini
2098 1595 2169 1636 in·

291 1667 424 1706 serta
461 1667 510 1706 et
544 1661 766 1720 stigmata
801 1661 860 1704 ad
890 1660 1105 1703 medium
1131 1660 1422 1705 nectarifera
1454 1657 1785 1720 Nymphaeus
1816 1662 2090 1706 linnaeanas
2120 1663 2168 1706 in

289 1733 385 1776 duo
448 1743 630 1790 genera
695 1729 876 1776 divisit.
947 1725 1300 1787 Nymphaeum
1353 1728 1540 1775 luteam
1596 1727 1659 1775 1..
1730 1727 1907 1775 Graeci
1939 1728 2167 1778 'hodierni

289 1793 618 1876 νούφαρον
652 1812 698 1847 ³·
735 1792 1177 1871 γουνούφαρον
1212 1810 1388 1845 vocare
1426 1799 1602 1845 solent.

320 1986 327 1993 ·
360 2006 361 2013 ,
416 1946 506 2009 G.
554 1944 706 2008 324.
751 1944 1034 2033 Nurum
1060 1941 1268 2008 Smith
1290 1943 1538 2008 Prodr.
1570 1941 1678 2007 Fl.
1711 1943 1951 2008 Graec.
1994 1940 2164 2009 Dec.

288 2049 467 2128 Syst.
490 2049 748 2112 ¹Prodr.
780 2057 844 2110 et
875 2045 1055 2111 Diss.
1087 2048 1168 2129 de
1196 2045 1410 2110 Affin.
1449 2046 1809 2129 Nymphd.
1836 2066 1897 2109 c.
1928 2047 2062 2110 tab.
2096 2048 2164 2111 1.

287 2151 403 2235 fig.
431 2151 470 2212 5
496 2150 652 2214 etfi.
694 2149 1333 2237 Nymphozanthus
1357 2134 1554 2213 Rich.
1578 2147 1757 2210 Ann.
1776 2147 1884 2212 68.
1928 2151 2163 2236 Nym-

276 2255 637 2336 phanthue
696 2255 852 2331 (non
900 2251 1146 2332 Lour.)
1201 2250 1409 2316 Desv.
1434 2252 1897 2338 Nymphaeae
1926 2271 2031 2336 sp.
2068 2252 2163 2317 L.

281 2354 1044 2431 Han.Juss.Gae1-tn.‚
1093 2363 1219 2417 etc.
1425 2393 1428 2396 -

411 2454 1240 2541 Ca1.suhpentaphy11us,
1300 2453 1473 2520 intus
1516 2454 1909 2534 corollinus,
1956 2454 2159 2520 maxi-

281 2578 449 2624 mus.
539 2562 599 2626 P
614 2560 830 2624 etala
876 2559 1098 2639 calyce
1141 2558 1346 2623 multo
1387 2557 1671 2633 minora,
1732 2558 1951 2634 unius,
1999 2562 2160 2624 duo-

279 2684 422 2726 rum
457 2662 736 2726 triumve
776 2660 1108 2752 ordinum,
1130 2666 1228 2724 'ut'
1259 2671 1336 2750 vet
1354 2659 1625 2726 stamina
1647 2659 1819 2723 infra
1850 2651 2157 2750 germinis

279 2766 465 2829 basin
527 2763 942 2848 receptaculo
992 2762 1175 2828 floris
1236 2761 1517 2839 inserta3
1583 2763 2159 2855 nectrissoveolae

279 2867 656 2932 latiusculae
699 2868 848 2945 5-8‚
912 2864 1108 2949 petali
1151 2867 1350 2932 dorso
1395 2864 1559 2928 infra
1605 2864 1874 2953 apicem
1869 2862 2159 2949 impres·

276 2993 426 3047 sae,
474 2970 734 3050 nitidae.
825 2968 1193 3033 Stamina
1234 2970 1700 3056 Nymphaeae
1740 2969 1937 3031 albae
1981 2966 2157 3032 simi·

278 3074 405 3150 lia,
454 3074 793 3137 multarum
824 3073 1167 3142 serierum.
1218 3070 1477 3135 ordines
1520 3059 1867 3136 interiores
1918 3069 2157 3164 erecti,-

277 3174 550 3261 germini
593 3186 769 3239 arcte
813 3172 1138 3257 adpressi.
1213 3173 1573 3237 exteriores
1629 3172 1915 3238 laxiores
1935 3215 1955 3249 ‚
2001 3173 2157 3236 sub-

275 3279 426 3342 inde
466 3276 717 3341 reflexi.
810 3276 1159 3341 Germen
1217 3286 1516 3353 ovatum,
1579 3274 1838 3341 omnino
1883 3275 2153 3338 liberum

276 3401 490 3466 neque
540 3378 1040 3457 staminiferum‚
1118 3378 1299 3444 disco
1354 3365 1750 3445 horizonta'li
1806 3374 2154 3441 orbiculari

273 3484 710 3548 terminatum.
799 3481 1091 3567 Stigm.
1138 3481 1389 3558 10-18,·
1443 3490 1584 3545 tota
1639 3478 1818 3544 disco
1865 3480 1947 3541 ad
2001 3499 2170 3542 cen--

274 3589 446 3651 tium
491 3584 864 3651 umbilieato
914 3586 1164 3647 adnata.
1253 3583 1618 3647 Fructus
1664 3579 2149 3657 baccaeformis,
2206 3647 2212 3652 ,

378 3799 420 3855 ·)
458 3800 512 3843 In
542 3799 726 3859 nostris
758 3797 968 3842 ambitus
999 3796 1133 3841 limbi
1171 3819 1236 3830 —
1261 3796 1310 3841 in
1333 3809 1441 3839 var.
1469 3795 1654 3840 minore
1676 3819 1741 3829 ·-
1772 3795 2025 3840 circularis
2053 3800 2144 3849 est,

274 3870 507 3914 auriculis
538 3869 596 3912 ad
633 3868 861 3927 angulum
887 3866 991 3911 fere
1023 3871 1207 3912 rectum
1244 3864 1630 3924 divergentibus,
1669 3865 1716 3911 iu
1742 3878 1845 3910 var.
1877 3864 2061 3909 maiore
2082 3887 2147 3899 —-

273 3940 392 3988 folia
423 3939 676 3983 submersa
706 3938 862 3997 magis
900 3937 1110 3994 elliptica
1144 3940 1255 3983 sunt
1290 3940 1340 3981 et
1376 3936 1619 3981 auriculae
1654 3936 1809 3994 magis
1843 3936 2150 3993 approxima·
2203 3937 2206 3948 “

275 4014 372 4060 tae.
424 4009 764 4071 Seuunrness.

414 4155 442 4168 0
