<?xml version="1.0" encoding="UTF-8"?>
<!DOCTYPE html PUBLIC "-//W3C//DTD XHTML 1.0 Transitional//EN"
    "http://www.w3.org/TR/xhtml1/DTD/xhtml1-transitional.dtd">
<html xmlns="http://www.w3.org/1999/xhtml" xml:lang="en" lang="en">
 <head>
  <title>
</title>
<meta http-equiv="Content-Type" content="text/html;charset=utf-8" />
  <meta name='ocr-system' content='tesseract 3.04.00' />
  <meta name='ocr-capabilities' content='ocr_page ocr_carea ocr_par ocr_line ocrx_word'/>
</head>
<body>
  <div class='ocr_page' id='page_1' title='image "./florahelveticas00gaudgoog_0133.png"; bbox 0 0 2669 4742; ppageno 0'>
   <div class='ocr_carea' id='block_1_1' title="bbox 747 428 2099 560">
    <p class='ocr_par' dir='ltr' id='par_1_1' title="bbox 747 428 2099 560">
     <span class='ocr_line' id='line_1_1' title="bbox 747 428 2099 560; baseline 0.001 -36"><span class='ocrx_word' id='word_1_1' title='bbox 747 553 752 560; x_wconf 19' lang='grc' dir='ltr'>ι</span> <span class='ocrx_word' id='word_1_2' title='bbox 805 461 902 524; x_wconf 79' lang='grc' dir='ltr'><strong>Χ.</strong></span> <span class='ocrx_word' id='word_1_3' title='bbox 960 457 1542 555; x_wconf 75' lang='lat' dir='ltr'><strong>DECANDRIA.</strong></span> <span class='ocrx_word' id='word_1_4' title='bbox 1980 428 2099 526; x_wconf 81' lang='lat'><strong>&#39;125</strong></span> 
     </span>
    </p>
   </div>
   <div class='ocr_carea' id='block_1_2' title="bbox 314 600 2141 750">
    <p class='ocr_par' dir='ltr' id='par_1_2' title="bbox 314 600 2141 750">
     <span class='ocr_line' id='line_1_2' title="bbox 314 600 2141 673; baseline 0.003 -16"><span class='ocrx_word' id='word_1_5' title='bbox 314 606 378 657; x_wconf 89' lang='lat' dir='ltr'><strong>S.</strong></span> <span class='ocrx_word' id='word_1_6' title='bbox 406 606 731 673; x_wconf 68' lang='lat' dir='ltr'><strong>caespite-ta</strong></span> <span class='ocrx_word' id='word_1_7' title='bbox 748 600 817 655; x_wconf 85' lang='lat' dir='ltr'><strong>L.</strong></span> <span class='ocrx_word' id='word_1_8' title='bbox 841 600 937 672; x_wconf 87' lang='lat' dir='ltr'><strong>Sp.</strong></span> <span class='ocrx_word' id='word_1_9' title='bbox 961 601 1044 656; x_wconf 87' lang='lat' dir='ltr'><strong>Pl.</strong></span> <span class='ocrx_word' id='word_1_10' title='bbox 1073 604 1220 661; x_wconf 76' lang='lat'>578?</span> <span class='ocrx_word' id='word_1_11' title='bbox 1277 601 1361 655; x_wconf 84' lang='lat' dir='ltr'><strong>Fl.</strong></span> <span class='ocrx_word' id='word_1_12' title='bbox 1383 600 1545 655; x_wconf 78' lang='lat' dir='ltr'><strong>suec.</strong></span> <span class='ocrx_word' id='word_1_13' title='bbox 1569 619 1628 655; x_wconf 81' lang='lat' dir='ltr'><strong>n.</strong></span> <span class='ocrx_word' id='word_1_14' title='bbox 1652 602 1781 659; x_wconf 78' lang='lat'>576·</span> <span class='ocrx_word' id='word_1_15' title='bbox 1805 603 1895 667; x_wconf 66' lang='grc' dir='ltr'><strong>(ΕΣ</strong></span> <span class='ocrx_word' id='word_1_16' title='bbox 1915 603 2102 662; x_wconf 61' lang='lat' dir='ltr'><strong>th-</strong></span> <span class='ocrx_word' id='word_1_17' title='bbox 2138 602 2141 605; x_wconf 38' lang='lat'>¹</span> 
     </span>
     <span class='ocr_line' id='line_1_3' title="bbox 397 674 2060 750; baseline 0.002 -21"><span class='ocrx_word' id='word_1_18' title='bbox 397 674 596 750; x_wconf 85' lang='lat' dir='ltr'><strong>lenb.).</strong></span> <span class='ocrx_word' id='word_1_19' title='bbox 656 675 969 734; x_wconf 84' lang='lat' dir='ltr'><strong>Wahlenb.</strong></span> <span class='ocrx_word' id='word_1_20' title='bbox 991 674 1073 732; x_wconf 86' lang='lat' dir='ltr'><strong>Fl.</strong></span> <span class='ocrx_word' id='word_1_21' title='bbox 1092 679 1263 748; x_wconf 84' lang='lat' dir='ltr'><strong>Lapp.</strong></span> <span class='ocrx_word' id='word_1_22' title='bbox 1295 694 1353 730; x_wconf 90' lang='lat' dir='ltr'><strong>n.</strong></span> <span class='ocrx_word' id='word_1_23' title='bbox 1377 681 1509 731; x_wconf 80' lang='lat'><strong>220.</strong></span> <span class='ocrx_word' id='word_1_24' title='bbox 1570 675 1750 732; x_wconf 81' lang='lat' dir='ltr'><strong>Smith</strong></span> <span class='ocrx_word' id='word_1_25' title='bbox 1768 677 1909 731; x_wconf 85' lang='lat' dir='ltr'><strong>Brit.</strong></span> <span class='ocrx_word' id='word_1_26' title='bbox 1930 678 2060 736; x_wconf 79' lang='lat'><strong>455.</strong></span> 
     </span>
    </p>
   </div>
   <div class='ocr_carea' id='block_1_3' title="bbox 1019 783 1330 799">
    <p class='ocr_par' dir='ltr' id='par_1_3' title="bbox 1019 783 1330 799">
     <span class='ocr_line' id='line_1_4' title="bbox 1019 783 1330 799; baseline 0 0"><span class='ocrx_word' id='word_1_27' title='bbox 1019 783 1330 799; x_wconf 95' lang='lat' dir='ltr'><strong> </strong></span> 
     </span>
    </p>
   </div>
   <div class='ocr_carea' id='block_1_4' title="bbox 307 845 2099 1005">
    <p class='ocr_par' dir='ltr' id='par_1_4' title="bbox 307 845 2099 1005">
     <span class='ocr_line' id='line_1_5' title="bbox 319 845 2099 921; baseline 0.002 -18"><span class='ocrx_word' id='word_1_28' title='bbox 319 847 482 921; x_wconf 87' lang='lat' dir='ltr'><strong>Engl.</strong></span> <span class='ocrx_word' id='word_1_29' title='bbox 499 850 628 903; x_wconf 85' lang='lat' dir='ltr'><strong>Bot.</strong></span> <span class='ocrx_word' id='word_1_30' title='bbox 654 853 747 905; x_wconf 83' lang='lat'><strong>12.</strong></span> <span class='ocrx_word' id='word_1_31' title='bbox 779 847 891 901; x_wconf 87' lang='lat' dir='ltr'><strong>tab.</strong></span> <span class='ocrx_word' id='word_1_32' title='bbox 913 847 1040 905; x_wconf 72' lang='lat'><strong>794.</strong></span> <span class='ocrx_word' id='word_1_33' title='bbox 1063 845 1269 919; x_wconf 81' lang='lat' dir='ltr'><strong>(rosula</strong></span> <span class='ocrx_word' id='word_1_34' title='bbox 1297 850 1460 899; x_wconf 72' lang='lat' dir='ltr'><strong>nimis</strong></span> <span class='ocrx_word' id='word_1_35' title='bbox 1487 845 1661 919; x_wconf 78' lang='lat' dir='ltr'><strong>laxa).</strong></span> <span class='ocrx_word' id='word_1_36' title='bbox 1715 846 1906 904; x_wconf 86' lang='lat' dir='ltr'><strong>Gunn.</strong></span> <span class='ocrx_word' id='word_1_37' title='bbox 1928 850 2099 907; x_wconf 81' lang='lat' dir='ltr'><strong>Norv.</strong></span> 
     </span>
     <span class='ocr_line' id='line_1_6' title="bbox 307 920 1667 1005; baseline -0.001 -28"><span class='ocrx_word' id='word_1_38' title='bbox 307 996 318 1005; x_wconf 34' lang='lat'><em>⁶</em></span> <span class='ocrx_word' id='word_1_39' title='bbox 397 941 458 977; x_wconf 83' lang='lat' dir='ltr'><strong>n.</strong></span> <span class='ocrx_word' id='word_1_40' title='bbox 486 925 653 980; x_wconf 79' lang='lat'><strong>1047.</strong></span> <span class='ocrx_word' id='word_1_41' title='bbox 684 922 795 976; x_wconf 85' lang='lat' dir='ltr'><strong>tab.</strong></span> <span class='ocrx_word' id='word_1_42' title='bbox 824 927 879 981; x_wconf 88' lang='lat'><strong>7.</strong></span> <span class='ocrx_word' id='word_1_43' title='bbox 908 920 950 976; x_wconf 83' lang='lat' dir='ltr'><strong>f.</strong></span> <span class='ocrx_word' id='word_1_44' title='bbox 969 927 1004 982; x_wconf 77' lang='grc'>5</span> <span class='ocrx_word' id='word_1_45' title='bbox 1031 936 1086 974; x_wconf 82' lang='lat' dir='ltr'><strong>et</strong></span> <span class='ocrx_word' id='word_1_46' title='bbox 1111 921 1667 994; x_wconf 67' lang='lat' dir='ltr'><strong>4.(21Wah10nb.).</strong></span> 
     </span>
    </p>
   </div>
   <div class='ocr_carea' id='block_1_5' title="bbox 179 1028 2116 3258">
    <p class='ocr_par' dir='ltr' id='par_1_5' title="bbox 179 1028 1930 1157">
     <span class='ocr_line' id='line_1_7' title="bbox 179 1028 1930 1112; baseline 0.002 -27"><span class='ocrx_word' id='word_1_47' title='bbox 179 1051 187 1061; x_wconf 92' lang='lat'><strong>·</strong></span> <span class='ocrx_word' id='word_1_48' title='bbox 251 1036 296 1112; x_wconf 82' lang='grc' dir='ltr'>β</span> <span class='ocrx_word' id='word_1_49' title='bbox 333 1028 620 1104; x_wconf 74' lang='lat' dir='ltr'><strong>icm‘flora,</strong></span> <span class='ocrx_word' id='word_1_50' title='bbox 662 1031 810 1088; x_wconf 81' lang='lat' dir='ltr'><strong>foliis</strong></span> <span class='ocrx_word' id='word_1_51' title='bbox 842 1032 1185 1087; x_wconf 79' lang='lat' dir='ltr'><strong>tenuioribus</strong></span> <span class='ocrx_word' id='word_1_52' title='bbox 1221 1031 1507 1104; x_wconf 80' lang='lat' dir='ltr'><strong>rigidulis,</strong></span> <span class='ocrx_word' id='word_1_53' title='bbox 1538 1037 1669 1087; x_wconf 81' lang='lat' dir='ltr'><strong>imis</strong></span> <span class='ocrx_word' id='word_1_54' title='bbox 1698 1033 1930 1090; x_wconf 79' lang='lat' dir='ltr'><strong>reflexis.</strong></span> 
     </span>
     <span class='ocr_line' id='line_1_8' title="bbox 603 1132 615 1157; baseline 0 0"><span class='ocrx_word' id='word_1_55' title='bbox 603 1132 615 1157; x_wconf 68' lang='grc'>1</span> 
     </span>
    </p>

    <p class='ocr_par' dir='ltr' id='par_1_6' title="bbox 256 1210 2116 3258">
     <span class='ocr_line' id='line_1_9' title="bbox 366 1210 2106 1296; baseline 0.001 -19"><span class='ocrx_word' id='word_1_56' title='bbox 366 1219 512 1277; x_wconf 86' lang='lat' dir='ltr'><strong>Cae</strong></span> <span class='ocrx_word' id='word_1_57' title='bbox 529 1232 611 1294; x_wconf 78' lang='lat' dir='ltr'><strong>sp·</strong></span> <span class='ocrx_word' id='word_1_58' title='bbox 628 1221 776 1275; x_wconf 86' lang='lat' dir='ltr'><strong>ites</strong></span> <span class='ocrx_word' id='word_1_59' title='bbox 804 1210 983 1276; x_wconf 86' lang='lat' dir='ltr'><strong>dense</strong></span> <span class='ocrx_word' id='word_1_60' title='bbox 1006 1219 1330 1296; x_wconf 85' lang='lat' dir='ltr'><strong>aggregati,</strong></span> <span class='ocrx_word' id='word_1_61' title='bbox 1356 1218 1849 1275; x_wconf 88' lang='lat' dir='ltr'><strong>numerosissimi.</strong></span> <span class='ocrx_word' id='word_1_62' title='bbox 1892 1220 2106 1278; x_wconf 87' lang='lat' dir='ltr'><strong>Folia</strong></span> 
     </span>
     <span class='ocr_line' id='line_1_10' title="bbox 258 1304 2106 1388; baseline 0.001 -19"><span class='ocrx_word' id='word_1_63' title='bbox 258 1304 734 1388; x_wconf 81' lang='lat' dir='ltr'><strong>conglomerata,</strong></span> <span class='ocrx_word' id='word_1_64' title='bbox 778 1313 1038 1382; x_wconf 88' lang='lat' dir='ltr'><strong>sessilia,</strong></span> <span class='ocrx_word' id='word_1_65' title='bbox 1080 1313 1340 1381; x_wconf 87' lang='lat' dir='ltr'><strong>minuta,</strong></span> <span class='ocrx_word' id='word_1_66' title='bbox 1382 1312 1446 1368; x_wconf 62' lang='lat' dir='ltr'><strong>&#39;in</strong></span> <span class='ocrx_word' id='word_1_67' title='bbox 1478 1312 1710 1369; x_wconf 78' lang='lat' dir='ltr'><strong>rosulas</strong></span> <span class='ocrx_word' id='word_1_68' title='bbox 1738 1313 2106 1379; x_wconf 81' lang='lat' dir='ltr'><strong>inordinatas</strong></span> 
     </span>
     <span class='ocr_line' id='line_1_11' title="bbox 256 1405 2110 1484; baseline 0.001 -22"><span class='ocrx_word' id='word_1_69' title='bbox 256 1425 584 1484; x_wconf 86' lang='lat' dir='ltr'><strong>parumque</strong></span> <span class='ocrx_word' id='word_1_70' title='bbox 634 1405 943 1463; x_wconf 85' lang='lat' dir='ltr'><strong>distinctas</strong></span> <span class='ocrx_word' id='word_1_71' title='bbox 983 1406 1271 1481; x_wconf 87' lang='lat' dir='ltr'><strong>disposita</strong></span> <span class='ocrx_word' id='word_1_72' title='bbox 1290 1448 1305 1474; x_wconf 90' lang='lat'>‚</span> <span class='ocrx_word' id='word_1_73' title='bbox 1376 1424 1628 1462; x_wconf 88' lang='lat' dir='ltr'><strong>carnosa</strong></span> <span class='ocrx_word' id='word_1_74' title='bbox 1647 1424 1671 1474; x_wconf 91' lang='lat'><strong>,·</strong></span> <span class='ocrx_word' id='word_1_75' title='bbox 1729 1406 2110 1482; x_wconf 86' lang='lat' dir='ltr'><strong>glanduloso-</strong></span> 
     </span>
     <span class='ocr_line' id='line_1_12' title="bbox 260 1501 2110 1576; baseline 0.001 -20"><span class='ocrx_word' id='word_1_76' title='bbox 260 1502 492 1556; x_wconf 86' lang='lat' dir='ltr'><strong>viscosa</strong></span> <span class='ocrx_word' id='word_1_77' title='bbox 511 1541 527 1570; x_wconf 93' lang='lat'><strong>,</strong></span> <span class='ocrx_word' id='word_1_78' title='bbox 598 1511 860 1556; x_wconf 86' lang='lat' dir='ltr'><strong>saturate</strong></span> <span class='ocrx_word' id='word_1_79' title='bbox 911 1501 1163 1556; x_wconf 86' lang='lat' dir='ltr'><strong>virentia</strong></span> <span class='ocrx_word' id='word_1_80' title='bbox 1182 1541 1197 1568; x_wconf 93' lang='lat'><strong>,</strong></span> <span class='ocrx_word' id='word_1_81' title='bbox 1266 1511 1514 1576; x_wconf 86' lang='lat' dir='ltr'><strong>anguste</strong></span> <span class='ocrx_word' id='word_1_82' title='bbox 1561 1501 1981 1570; x_wconf 86' lang='lat' dir='ltr'><strong>cuneiformia,</strong></span> <span class='ocrx_word' id='word_1_83' title='bbox 2046 1503 2110 1557; x_wconf 89' lang='lat' dir='ltr'><strong>in</strong></span> 
     </span>
     <span class='ocr_line' id='line_1_13' title="bbox 260 1584 2111 1668; baseline 0 -19"><span class='ocrx_word' id='word_1_84' title='bbox 260 1595 405 1650; x_wconf 87' lang='lat' dir='ltr'><strong>meis</strong></span> <span class='ocrx_word' id='word_1_85' title='bbox 446 1592 877 1668; x_wconf 84' lang='lat' dir='ltr'><strong>speciminibus</strong></span> <span class='ocrx_word' id='word_1_86' title='bbox 917 1595 1112 1650; x_wconf 89' lang='lat' dir='ltr'><strong>omnia</strong></span> <span class='ocrx_word' id='word_1_87' title='bbox 1152 1593 1525 1668; x_wconf 86' lang='lat' dir='ltr'><strong>triplinervia</strong></span> <span class='ocrx_word' id='word_1_88' title='bbox 1544 1635 1560 1662; x_wconf 92' lang='lat'><strong>,</strong></span> <span class='ocrx_word' id='word_1_89' title='bbox 1601 1584 1833 1663; x_wconf 73' lang='lat' dir='ltr'><strong>trifida,</strong></span> <span class='ocrx_word' id='word_1_90' title='bbox 1871 1594 2111 1650; x_wconf 90' lang='lat' dir='ltr'><strong>lacinu-</strong></span> 
     </span>
     <span class='ocr_line' id='line_1_14' title="bbox 261 1687 2110 1762; baseline 0.001 -20"><span class='ocrx_word' id='word_1_91' title='bbox 261 1688 334 1742; x_wconf 91' lang='lat' dir='ltr'><strong>lis</strong></span> <span class='ocrx_word' id='word_1_92' title='bbox 370 1690 612 1762; x_wconf 82' lang='lat' dir='ltr'><strong>parvis,</strong></span> <span class='ocrx_word' id='word_1_93' title='bbox 654 1687 987 1761; x_wconf 75' lang='lat' dir='ltr'><strong>parallelis,</strong></span> <span class='ocrx_word' id='word_1_94' title='bbox 1029 1706 1217 1747; x_wconf 88' lang='lat' dir='ltr'><strong>nervo</strong></span> <span class='ocrx_word' id='word_1_95' title='bbox 1252 1706 1468 1762; x_wconf 87' lang='lat' dir='ltr'><strong>parum</strong></span> <span class='ocrx_word' id='word_1_96' title='bbox 1510 1697 1812 1757; x_wconf 83' lang='lat' dir='ltr'><strong>exstante,</strong></span> <span class='ocrx_word' id='word_1_97' title='bbox 1866 1688 2110 1744; x_wconf 87' lang='lat' dir='ltr'><strong>ramulis</strong></span> 
     </span>
     <span class='ocr_line' id='line_1_15' title="bbox 265 1770 2107 1855; baseline 0.001 -20"><span class='ocrx_word' id='word_1_98' title='bbox 265 1782 390 1836; x_wconf 85' lang='lat' dir='ltr'><strong>eius</strong></span> <span class='ocrx_word' id='word_1_99' title='bbox 421 1780 651 1837; x_wconf 88' lang='lat' dir='ltr'><strong>divisis.</strong></span> <span class='ocrx_word' id='word_1_100' title='bbox 735 1780 1006 1837; x_wconf 86' lang='lat' dir='ltr'><strong>Caules</strong></span> <span class='ocrx_word' id='word_1_101' title='bbox 1045 1782 1268 1849; x_wconf 88' lang='lat' dir='ltr'><strong>teneri,</strong></span> <span class='ocrx_word' id='word_1_102' title='bbox 1310 1778 1652 1850; x_wconf 86' lang='lat' dir='ltr'><strong>filiformes,</strong></span> <span class='ocrx_word' id='word_1_103' title='bbox 1693 1770 2107 1855; x_wconf 88' lang='lat' dir='ltr'><strong>pubescentes,</strong></span> 
     </span>
     <span class='ocr_line' id='line_1_16' title="bbox 269 1860 2113 1941; baseline 0.001 -13"><span class='ocrx_word' id='word_1_104' title='bbox 269 1875 395 1929; x_wconf 86' lang='lat' dir='ltr'><strong>fere</strong></span> <span class='ocrx_word' id='word_1_105' title='bbox 448 1874 743 1941; x_wconf 87' lang='lat' dir='ltr'><strong>unciales,</strong></span> <span class='ocrx_word' id='word_1_106' title='bbox 813 1872 1159 1941; x_wconf 84' lang='lat' dir='ltr'><strong>s’ubhissori‚</strong></span> <span class='ocrx_word' id='word_1_107' title='bbox 1226 1873 1583 1930; x_wconf 88' lang='lat' dir='ltr'><strong>nudiusculi.</strong></span> <span class='ocrx_word' id='word_1_108' title='bbox 1614 1860 1619 1861; x_wconf 33' lang='lat'><em>⁷</em></span> <span class='ocrx_word' id='word_1_109' title='bbox 1686 1873 2113 1931; x_wconf 90' lang='lat' dir='ltr'><strong>Pedunculi</strong></span> 
     </span>
     <span class='ocr_line' id='line_1_17' title="bbox 265 1960 2109 2043; baseline 0.002 -22"><span class='ocrx_word' id='word_1_110' title='bbox 265 1965 511 2036; x_wconf 80' lang='lat' dir='ltr'><strong>breves,</strong></span> <span class='ocrx_word' id='word_1_111' title='bbox 541 1969 760 2035; x_wconf 87' lang='lat' dir='ltr'><strong>erecti,</strong></span> <span class='ocrx_word' id='word_1_112' title='bbox 791 1960 1066 2024; x_wconf 84' lang='lat' dir='ltr'><strong>foliolosi.</strong></span> <span class='ocrx_word' id='word_1_113' title='bbox 1148 1967 1417 2023; x_wconf 88' lang='lat' dir='ltr'><strong>Flores</strong></span> <span class='ocrx_word' id='word_1_114' title='bbox 1446 1968 1662 2036; x_wconf 88' lang='lat' dir='ltr'><strong>erecti,</strong></span> <span class='ocrx_word' id='word_1_115' title='bbox 1693 1969 2109 2043; x_wconf 85' lang='lat' dir='ltr'><strong>approximati,</strong></span> 
     </span>
     <span class='ocr_line' id='line_1_18' title="bbox 264 2060 2114 2136; baseline 0.002 -20"><span class='ocrx_word' id='word_1_116' title='bbox 264 2061 439 2134; x_wconf 87' lang='lat' dir='ltr'><strong>triplo</strong></span> <span class='ocrx_word' id='word_1_117' title='bbox 479 2078 538 2117; x_wconf 80' lang='lat' dir='ltr'><strong>v.</strong></span> <span class='ocrx_word' id='word_1_118' title='bbox 581 2060 706 2116; x_wconf 83' lang='lat' dir='ltr'><strong>fere</strong></span> <span class='ocrx_word' id='word_1_119' title='bbox 740 2061 1069 2136; x_wconf 85' lang='lat' dir='ltr'><strong>quadruplo</strong></span> <span class='ocrx_word' id='word_1_120' title='bbox 1104 2063 1369 2117; x_wconf 89' lang='lat' dir='ltr'><strong>minores</strong></span> <span class='ocrx_word' id='word_1_121' title='bbox 1410 2078 1584 2136; x_wconf 86' lang='lat' dir='ltr'><strong>quam</strong></span> <span class='ocrx_word' id='word_1_122' title='bbox 1616 2070 1910 2115; x_wconf 81' lang='lat' dir='ltr'><strong><em>exaratae.</em></strong></span> <span class='ocrx_word' id='word_1_123' title='bbox 1972 2060 2114 2119; x_wconf 82' lang='lat' dir='ltr'><strong>Ca-</strong></span> 
     </span>
     <span class='ocr_line' id='line_1_19' title="bbox 263 2152 2115 2231; baseline 0.002 -23"><span class='ocrx_word' id='word_1_124' title='bbox 263 2153 389 2226; x_wconf 85' lang='lat' dir='ltr'><strong>lyx</strong></span> <span class='ocrx_word' id='word_1_125' title='bbox 423 2164 491 2209; x_wconf 87' lang='lat' dir='ltr'><strong>ut</strong></span> <span class='ocrx_word' id='word_1_126' title='bbox 531 2155 595 2209; x_wconf 91' lang='lat' dir='ltr'><strong>in</strong></span> <span class='ocrx_word' id='word_1_127' title='bbox 640 2153 915 2217; x_wconf 85' lang='lat' dir='ltr'><strong>omnibus</strong></span> <span class='ocrx_word' id='word_1_128' title='bbox 954 2154 1126 2210; x_wconf 87' lang='lat' dir='ltr'><strong>huius</strong></span> <span class='ocrx_word' id='word_1_129' title='bbox 1167 2156 1448 2211; x_wconf 82' lang='lat' dir='ltr'><strong>sectionis</strong></span> <span class='ocrx_word' id='word_1_130' title='bbox 1491 2152 1801 2231; x_wconf 85' lang='lat' dir='ltr'><strong>speciebus</strong></span> <span class='ocrx_word' id='word_1_131' title='bbox 1836 2155 1964 2211; x_wconf 87' lang='lat' dir='ltr'><strong>fere</strong></span> <span class='ocrx_word' id='word_1_132' title='bbox 2012 2174 2115 2212; x_wconf 91' lang='lat' dir='ltr'><strong>su-</strong></span> 
     </span>
     <span class='ocr_line' id='line_1_20' title="bbox 262 2246 2114 2323; baseline 0.003 -22"><span class='ocrx_word' id='word_1_133' title='bbox 262 2264 477 2322; x_wconf 87' lang='lat' dir='ltr'><strong>perus,</strong></span> <span class='ocrx_word' id='word_1_134' title='bbox 523 2246 693 2303; x_wconf 85' lang='lat' dir='ltr'><strong>valde</strong></span> <span class='ocrx_word' id='word_1_135' title='bbox 716 2249 988 2303; x_wconf 88' lang='lat' dir='ltr'><strong>viscosus</strong></span> <span class='ocrx_word' id='word_1_136' title='bbox 1006 2272 1028 2315; x_wconf 93' lang='lat'><strong>‚·</strong></span> <span class='ocrx_word' id='word_1_137' title='bbox 1064 2246 1194 2303; x_wconf 87' lang='lat' dir='ltr'><strong>basi</strong></span> <span class='ocrx_word' id='word_1_138' title='bbox 1226 2260 1507 2323; x_wconf 87' lang='lat' dir='ltr'><strong>turgens,</strong></span> <span class='ocrx_word' id='word_1_139' title='bbox 1547 2246 1868 2323; x_wconf 81' lang='lat' dir='ltr'><strong>segmentis</strong></span> <span class='ocrx_word' id='word_1_140' title='bbox 1906 2260 2114 2306; x_wconf 84' lang='lat' dir='ltr'><strong>ovato-</strong></span> 
     </span>
     <span class='ocr_line' id='line_1_21' title="bbox 266 2326 2115 2418; baseline 0.002 -21"><span class='ocrx_word' id='word_1_141' title='bbox 266 2338 570 2418; x_wconf 87' lang='lat' dir='ltr'><strong>oblongis,</strong></span> <span class='ocrx_word' id='word_1_142' title='bbox 616 2339 880 2410; x_wconf 79' lang='lat' dir='ltr'><strong>obtusi8‚</strong></span> <span class='ocrx_word' id='word_1_143' title='bbox 925 2342 1173 2411; x_wconf 84' lang='lat' dir='ltr'><strong>erectis,</strong></span> <span class='ocrx_word' id='word_1_144' title='bbox 1216 2341 1441 2398; x_wconf 80' lang='lat' dir='ltr'><strong>corolla</strong></span> <span class='ocrx_word' id='word_1_145' title='bbox 1480 2326 1714 2417; x_wconf 77' lang='lat' dir='ltr'><strong>semper</strong></span> <span class='ocrx_word' id='word_1_146' title='bbox 1758 2339 1936 2418; x_wconf 88' lang='lat' dir='ltr'><strong>duplo</strong></span> <span class='ocrx_word' id='word_1_147' title='bbox 1972 2342 2115 2401; x_wconf 90' lang='lat' dir='ltr'><strong>bre-</strong></span> 
     </span>
     <span class='ocr_line' id='line_1_22' title="bbox 264 2434 2109 2510; baseline 0.002 -20"><span class='ocrx_word' id='word_1_148' title='bbox 264 2435 551 2492; x_wconf 86' lang='lat' dir='ltr'><strong>vioribus.</strong></span> <span class='ocrx_word' id='word_1_149' title='bbox 634 2435 898 2491; x_wconf 88' lang='lat' dir='ltr'><strong>Petala</strong></span> <span class='ocrx_word' id='word_1_150' title='bbox 938 2434 1164 2504; x_wconf 84' lang='lat' dir='ltr'><strong>albida,</strong></span> <span class='ocrx_word' id='word_1_151' title='bbox 1206 2453 1317 2510; x_wconf 90' lang='lat' dir='ltr'><strong>per</strong></span> <span class='ocrx_word' id='word_1_152' title='bbox 1362 2435 1821 2493; x_wconf 83' lang='lat' dir='ltr'><strong>exsiccationem</strong></span> <span class='ocrx_word' id='word_1_153' title='bbox 1859 2438 2109 2508; x_wconf 82' lang='lat' dir='ltr'><strong>citrina,</strong></span> 
     </span>
     <span class='ocr_line' id='line_1_23' title="bbox 265 2526 2113 2609; baseline 0.001 -23"><span class='ocrx_word' id='word_1_154' title='bbox 265 2528 519 2605; x_wconf 85' lang='lat' dir='ltr'><strong>oblonga</strong></span> <span class='ocrx_word' id='word_1_155' title='bbox 538 2571 555 2597; x_wconf 91' lang='lat'><strong>,</strong></span> <span class='ocrx_word' id='word_1_156' title='bbox 599 2526 850 2585; x_wconf 83' lang='lat' dir='ltr'><strong>obovata</strong></span> <span class='ocrx_word' id='word_1_157' title='bbox 870 2571 885 2597; x_wconf 92' lang='lat'>‚</span> <span class='ocrx_word' id='word_1_158' title='bbox 928 2531 1170 2586; x_wconf 90' lang='lat' dir='ltr'><strong>omnino</strong></span> <span class='ocrx_word' id='word_1_159' title='bbox 1197 2531 1497 2605; x_wconf 85' lang='lat' dir='ltr'><strong>contigua.</strong></span> <span class='ocrx_word' id='word_1_160' title='bbox 1577 2529 1892 2586; x_wconf 83' lang='lat' dir='ltr'><strong>Plantae</strong></span> <span class='ocrx_word' id='word_1_161' title='bbox 1922 2534 1969 2609; x_wconf 82' lang='grc' dir='ltr'>β</span> <span class='ocrx_word' id='word_1_162' title='bbox 1995 2531 2113 2588; x_wconf 90' lang='lat' dir='ltr'><strong>ele-</strong></span> 
     </span>
     <span class='ocr_line' id='line_1_24' title="bbox 262 2620 2108 2698; baseline 0.001 -20"><span class='ocrx_word' id='word_1_163' title='bbox 262 2623 452 2697; x_wconf 84' lang='lat' dir='ltr'><strong>ganti,</strong></span> <span class='ocrx_word' id='word_1_164' title='bbox 499 2641 682 2698; x_wconf 87' lang='lat' dir='ltr'><strong>quam</strong></span> <span class='ocrx_word' id='word_1_165' title='bbox 714 2631 1071 2691; x_wconf 66' lang='lat' dir='ltr'><strong>caespite-cae</strong></span> <span class='ocrx_word' id='word_1_166' title='bbox 1092 2620 1299 2692; x_wconf 80' lang='lat' dir='ltr'><strong>wahl.</strong></span> <span class='ocrx_word' id='word_1_167' title='bbox 1334 2623 1679 2678; x_wconf 85' lang='lat' dir='ltr'><strong>varietatem</strong></span> <span class='ocrx_word' id='word_1_168' title='bbox 1705 2640 1836 2678; x_wconf 88' lang='lat' dir='ltr'><strong>esse</strong></span> <span class='ocrx_word' id='word_1_169' title='bbox 1868 2640 2108 2693; x_wconf 86' lang='lat' dir='ltr'><strong>censeo,</strong></span> 
     </span>
     <span class='ocr_line' id='line_1_25' title="bbox 265 2712 2114 2790; baseline 0.001 -18"><span class='ocrx_word' id='word_1_170' title='bbox 265 2715 573 2772; x_wconf 82' lang='lat' dir='ltr'><strong>rosulae</strong></span> <span class='ocrx_word' id='word_1_171' title='bbox 637 2716 985 2785; x_wconf 79' lang='lat' dir='ltr'><strong>distinctae,</strong></span> <span class='ocrx_word' id='word_1_172' title='bbox 1052 2713 1184 2771; x_wconf 86' lang='lat' dir='ltr'><strong>basi</strong></span> <span class='ocrx_word' id='word_1_173' title='bbox 1246 2712 1541 2783; x_wconf 86' lang='lat' dir='ltr'><strong>reflexae,</strong></span> <span class='ocrx_word' id='word_1_174' title='bbox 1620 2715 1808 2773; x_wconf 85' lang='lat' dir='ltr'><strong>folia</strong></span> <span class='ocrx_word' id='word_1_175' title='bbox 1862 2716 2114 2790; x_wconf 85' lang='lat' dir='ltr'><strong>perinde</strong></span> 
     </span>
     <span class='ocr_line' id='line_1_26' title="bbox 265 2806 2116 2886; baseline 0.001 -21"><span class='ocrx_word' id='word_1_176' title='bbox 265 2811 458 2865; x_wconf 89' lang='lat' dir='ltr'><strong>omnia</strong></span> <span class='ocrx_word' id='word_1_177' title='bbox 514 2806 715 2865; x_wconf 87' lang='lat' dir='ltr'><strong>trifida</strong></span> <span class='ocrx_word' id='word_1_178' title='bbox 766 2820 825 2864; x_wconf 88' lang='lat' dir='ltr'><strong>et</strong></span> <span class='ocrx_word' id='word_1_179' title='bbox 862 2808 1029 2865; x_wconf 81' lang='lat' dir='ltr'><strong>v&#39;alde</strong></span> <span class='ocrx_word' id='word_1_180' title='bbox 1070 2810 1339 2876; x_wconf 83' lang='lat' dir='ltr'><strong>viscosa,</strong></span> <span class='ocrx_word' id='word_1_181' title='bbox 1405 2809 1582 2883; x_wconf 89' lang='lat' dir='ltr'><strong>paulo</strong></span> <span class='ocrx_word' id='word_1_182' title='bbox 1633 2809 1861 2865; x_wconf 84' lang='lat' dir='ltr'><strong>acutius</strong></span> <span class='ocrx_word' id='word_1_183' title='bbox 1911 2810 2116 2886; x_wconf 87' lang='lat' dir='ltr'><strong>tripli-</strong></span> 
     </span>
     <span class='ocr_line' id='line_1_27' title="bbox 265 2899 2113 2972; baseline 0.002 -14"><span class='ocrx_word' id='word_1_184' title='bbox 265 2905 506 2972; x_wconf 76' lang='lat' dir='ltr'><strong>nervia‚</strong></span> <span class='ocrx_word' id='word_1_185' title='bbox 551 2899 752 2962; x_wconf 86' lang='lat' dir='ltr'><strong>infima</strong></span> <span class='ocrx_word' id='word_1_186' title='bbox 786 2920 861 2958; x_wconf 82' lang='lat' dir='ltr'><strong>ex</strong></span> <span class='ocrx_word' id='word_1_187' title='bbox 892 2902 1087 2959; x_wconf 84' lang='lat' dir='ltr'><strong>albido</strong></span> <span class='ocrx_word' id='word_1_188' title='bbox 1113 2901 1529 2971; x_wconf 84' lang='lat' dir='ltr'><strong>flavescentia,</strong></span> <span class='ocrx_word' id='word_1_189' title='bbox 1573 2902 1829 2959; x_wconf 88' lang='lat' dir='ltr'><strong>caules</strong></span> <span class='ocrx_word' id='word_1_190' title='bbox 1858 2922 2113 2961; x_wconf 90' lang='lat' dir='ltr'><strong>sescun-</strong></span> 
     </span>
     <span class='ocr_line' id='line_1_28' title="bbox 266 2994 2112 3073; baseline 0.002 -22"><span class='ocrx_word' id='word_1_191' title='bbox 266 2997 440 3052; x_wconf 85' lang='lat' dir='ltr'><strong>ciales</strong></span> <span class='ocrx_word' id='word_1_192' title='bbox 460 3037 476 3064; x_wconf 91' lang='lat'><strong>,</strong></span> <span class='ocrx_word' id='word_1_193' title='bbox 520 2994 737 3052; x_wconf 85' lang='lat' dir='ltr'><strong>foliolis</strong></span> <span class='ocrx_word' id='word_1_194' title='bbox 770 2998 979 3071; x_wconf 87' lang='lat' dir='ltr'><strong>paucis</strong></span> <span class='ocrx_word' id='word_1_195' title='bbox 1007 2994 1501 3073; x_wconf 86' lang='lat' dir='ltr'><strong>distantibusque,</strong></span> <span class='ocrx_word' id='word_1_196' title='bbox 1548 2995 1871 3054; x_wconf 82' lang='lat' dir='ltr'><strong>linearibus</strong></span> <span class='ocrx_word' id='word_1_197' title='bbox 1890 3039 1906 3067; x_wconf 90' lang='lat'><strong>,</strong></span> <span class='ocrx_word' id='word_1_198' title='bbox 1948 2996 2112 3055; x_wconf 82' lang='lat' dir='ltr'><strong>trifi-</strong></span> 
     </span>
     <span class='ocr_line' id='line_1_29' title="bbox 264 3088 2112 3166; baseline 0.003 -22"><span class='ocrx_word' id='word_1_199' title='bbox 264 3088 352 3145; x_wconf 88' lang='lat' dir='ltr'><strong>dis</strong></span> <span class='ocrx_word' id='word_1_200' title='bbox 391 3090 763 3166; x_wconf 79' lang='lat' dir='ltr'><strong>integrisque</strong></span> <span class='ocrx_word' id='word_1_201' title='bbox 801 3091 1111 3158; x_wconf 87' lang='lat' dir='ltr'><strong>instructi,</strong></span> <span class='ocrx_word' id='word_1_202' title='bbox 1154 3088 1430 3158; x_wconf 88' lang='lat' dir='ltr'><strong>unissori·,</strong></span> <span class='ocrx_word' id='word_1_203' title='bbox 1483 3089 1725 3147; x_wconf 86' lang='lat' dir='ltr'><strong>flores</strong></span> <span class='ocrx_word' id='word_1_204' title='bbox 1763 3092 1941 3166; x_wconf 80' lang='lat' dir='ltr'><strong>p&#39;aulo</strong></span> <span class='ocrx_word' id='word_1_205' title='bbox 1977 3110 2112 3148; x_wconf 85' lang='lat' dir='ltr'><strong>ma-</strong></span> 
     </span>
     <span class='ocr_line' id='line_1_30' title="bbox 265 3180 1549 3258; baseline 0.002 -21"><span class='ocrx_word' id='word_1_206' title='bbox 265 3184 453 3253; x_wconf 90' lang='lat' dir='ltr'><strong>iores,</strong></span> <span class='ocrx_word' id='word_1_207' title='bbox 497 3200 574 3238; x_wconf 85' lang='lat' dir='ltr'><strong>ex</strong></span> <span class='ocrx_word' id='word_1_208' title='bbox 612 3180 808 3239; x_wconf 86' lang='lat' dir='ltr'><strong>albido</strong></span> <span class='ocrx_word' id='word_1_209' title='bbox 846 3180 1256 3239; x_wconf 77' lang='lat' dir='ltr'><strong>flavescentes.</strong></span> <span class='ocrx_word' id='word_1_210' title='bbox 1336 3182 1436 3258; x_wconf 82' lang='lat' dir='ltr'><strong>(D.</strong></span> <span class='ocrx_word' id='word_1_211' title='bbox 1464 3182 1549 3258; x_wconf 90' lang='lat' dir='ltr'><strong>s.)</strong></span> 
     </span>
    </p>
   </div>
   <div class='ocr_carea' id='block_1_6' title="bbox 329 3311 2114 3870">
    <p class='ocr_par' dir='ltr' id='par_1_7' title="bbox 329 3311 2114 3870">
     <span class='ocr_line' id='line_1_31' title="bbox 329 3311 2111 3375; baseline 0.003 -11"><span class='ocrx_word' id='word_1_212' title='bbox 329 3320 490 3375; x_wconf 53' lang='lat' dir='ltr'><strong>„Halm</strong></span> <span class='ocrx_word' id='word_1_213' title='bbox 535 3320 670 3365; x_wconf 82' lang='lat' dir='ltr'><strong>unice</strong></span> <span class='ocrx_word' id='word_1_214' title='bbox 707 3321 756 3364; x_wconf 90' lang='lat' dir='ltr'><strong>in</strong></span> <span class='ocrx_word' id='word_1_215' title='bbox 800 3311 1077 3367; x_wconf 78' lang='lat' dir='ltr'><strong>Gotthardi</strong></span> <span class='ocrx_word' id='word_1_216' title='bbox 1123 3321 1444 3365; x_wconf 79' lang='lat' dir='ltr'><strong>cacuminibus</strong></span> <span class='ocrx_word' id='word_1_217' title='bbox 1488 3321 1793 3375; x_wconf 76' lang='lat' dir='ltr'><strong>editissimis,</strong></span> <span class='ocrx_word' id='word_1_218' title='bbox 1840 3323 2029 3370; x_wconf 4' lang='lat' dir='ltr'><strong>,scilicet</strong></span> <span class='ocrx_word' id='word_1_219' title='bbox 2061 3326 2111 3369; x_wconf 85' lang='lat' dir='ltr'><strong>iu</strong></span> 
     </span>
     <span class='ocr_line' id='line_1_32' title="bbox 396 3385 2111 3449; baseline 0.001 -13"><span class='ocrx_word' id='word_1_220' title='bbox 396 3389 686 3436; x_wconf 75' lang='lat' dir='ltr'><strong>Rossboden</strong></span> <span class='ocrx_word' id='word_1_221' title='bbox 734 3394 781 3434; x_wconf 78' lang='lat' dir='ltr'><strong>et</strong></span> <span class='ocrx_word' id='word_1_222' title='bbox 819 3385 1244 3435; x_wconf 79' lang='lat' dir='ltr'><strong>Rossbodenstock</strong></span> <span class='ocrx_word' id='word_1_223' title='bbox 1289 3391 1589 3445; x_wconf 27' lang='lat' dir='ltr'><strong>afsupremis</strong></span> <span class='ocrx_word' id='word_1_224' title='bbox 1619 3391 1819 3435; x_wconf 71' lang='lat' dir='ltr'><strong>‘boviliis</strong></span> <span class='ocrx_word' id='word_1_225' title='bbox 1861 3405 2008 3449; x_wconf 86' lang='lat' dir='ltr'><strong>usque</strong></span> <span class='ocrx_word' id='word_1_226' title='bbox 2051 3395 2111 3438; x_wconf 77' lang='lat' dir='ltr'><strong>ad</strong></span> 
     </span>
     <span class='ocr_line' id='line_1_33' title="bbox 399 3457 2114 3515; baseline 0.002 -13"><span class='ocrx_word' id='word_1_227' title='bbox 399 3472 637 3502; x_wconf 86' lang='lat' dir='ltr'><strong>summum</strong></span> <span class='ocrx_word' id='word_1_228' title='bbox 668 3457 882 3513; x_wconf 74' lang='lat' dir='ltr'><strong>culmen,</strong></span> <span class='ocrx_word' id='word_1_229' title='bbox 922 3461 980 3502; x_wconf 86' lang='lat' dir='ltr'><strong>ad</strong></span> <span class='ocrx_word' id='word_1_230' title='bbox 1012 3472 1128 3504; x_wconf 78' lang='lat' dir='ltr'><strong>saxa</strong></span> <span class='ocrx_word' id='word_1_231' title='bbox 1164 3460 1386 3515; x_wconf 86' lang='lat' dir='ltr'><strong>copiose,</strong></span> <span class='ocrx_word' id='word_1_232' title='bbox 1425 3473 1513 3504; x_wconf 90' lang='lat' dir='ltr'><strong>nec</strong></span> <span class='ocrx_word' id='word_1_233' title='bbox 1548 3473 1639 3503; x_wconf 87' lang='lat' dir='ltr'><strong>non</strong></span> <span class='ocrx_word' id='word_1_234' title='bbox 1678 3461 1803 3506; x_wconf 85' lang='lat' dir='ltr'><strong>inter</strong></span> <span class='ocrx_word' id='word_1_235' title='bbox 1826 3461 2041 3506; x_wconf 79' lang='lat' dir='ltr'><strong>Fur-cam</strong></span> <span class='ocrx_word' id='word_1_236' title='bbox 2065 3466 2114 3507; x_wconf 77' lang='lat' dir='ltr'><strong>et</strong></span> 
     </span>
     <span class='ocr_line' id='line_1_34' title="bbox 401 3525 2110 3588; baseline 0.002 -15"><span class='ocrx_word' id='word_1_237' title='bbox 401 3525 732 3573; x_wconf 77' lang='lat' dir='ltr'><strong>Gallenstock</strong></span> <span class='ocrx_word' id='word_1_238' title='bbox 758 3528 1038 3585; x_wconf 81' lang='lat' dir='ltr'><strong>frequens.”</strong></span> <span class='ocrx_word' id='word_1_239' title='bbox 1108 3528 1184 3573; x_wconf 82' lang='lat' dir='ltr'><strong>Cl.</strong></span> <span class='ocrx_word' id='word_1_240' title='bbox 1218 3530 1604 3582; x_wconf 63' lang='lat' dir='ltr'><strong>Wsnnznezm,</strong></span> <span class='ocrx_word' id='word_1_241' title='bbox 1656 3544 1683 3572; x_wconf 82' lang='lat' dir='ltr'><strong>a</strong></span> <span class='ocrx_word' id='word_1_242' title='bbox 1724 3544 1816 3588; x_wconf 89' lang='lat' dir='ltr'><strong>quo</strong></span> <span class='ocrx_word' id='word_1_243' title='bbox 1851 3531 2110 3585; x_wconf 78' lang='lat' dir='ltr'><strong>specimina</strong></span> 
     </span>
     <span class='ocr_line' id='line_1_35' title="bbox 397 3597 2114 3653; baseline 0.003 -14"><span class='ocrx_word' id='word_1_244' title='bbox 397 3611 504 3640; x_wconf 80' lang='lat' dir='ltr'><strong>inea</strong></span> <span class='ocrx_word' id='word_1_245' title='bbox 550 3598 731 3653; x_wconf 85' lang='lat' dir='ltr'><strong>accepi.</strong></span> <span class='ocrx_word' id='word_1_246' title='bbox 820 3598 875 3641; x_wconf 88' lang='lat' dir='ltr'><strong>ln</strong></span> <span class='ocrx_word' id='word_1_247' title='bbox 923 3599 1120 3642; x_wconf 85' lang='lat' dir='ltr'><strong>summis</strong></span> <span class='ocrx_word' id='word_1_248' title='bbox 1172 3597 1488 3644; x_wconf 78' lang='lat' dir='ltr'><strong>Claridarum</strong></span> <span class='ocrx_word' id='word_1_249' title='bbox 1530 3598 1723 3653; x_wconf 78' lang='lat' dir='ltr'><strong>Alpium</strong></span> <span class='ocrx_word' id='word_1_250' title='bbox 1769 3604 1817 3644; x_wconf 83' lang='lat' dir='ltr'><strong>et</strong></span> <span class='ocrx_word' id='word_1_251' title='bbox 1862 3601 1933 3645; x_wconf 83' lang='lat' dir='ltr'><strong>M.</strong></span> <span class='ocrx_word' id='word_1_252' title='bbox 1980 3598 2114 3646; x_wconf 62' lang='lat' dir='ltr'><strong>Tadi·</strong></span> 
     </span>
     <span class='ocr_line' id='line_1_36' title="bbox 396 3657 2111 3727; baseline 0.003 -19"><span class='ocrx_word' id='word_1_253' title='bbox 396 3668 605 3721; x_wconf 83' lang='lat' dir='ltr'><strong>scopulis</strong></span> <span class='ocrx_word' id='word_1_254' title='bbox 640 3682 668 3710; x_wconf 81' lang='lat' dir='ltr'><strong>a</strong></span> <span class='ocrx_word' id='word_1_255' title='bbox 706 3663 1043 3712; x_wconf 83' lang='lat'><strong>8000—8600</strong></span> <span class='ocrx_word' id='word_1_256' title='bbox 1082 3657 1298 3722; x_wconf 45' lang='lat' dir='ltr'><strong>psssupra</strong></span> <span class='ocrx_word' id='word_1_257' title='bbox 1332 3681 1466 3716; x_wconf 82' lang='lat' dir='ltr'><strong>mare</strong></span> <span class='ocrx_word' id='word_1_258' title='bbox 1502 3666 1746 3727; x_wconf 81' lang='lat' dir='ltr'><strong>frequens.</strong></span> <span class='ocrx_word' id='word_1_259' title='bbox 1809 3668 1885 3714; x_wconf 89' lang='lat' dir='ltr'><strong>Cl.</strong></span> <span class='ocrx_word' id='word_1_260' title='bbox 1913 3669 2111 3713; x_wconf 68' lang='lat' dir='ltr'><strong>Hecur-</strong></span> 
     </span>
     <span class='ocr_line' id='line_1_37' title="bbox 397 3727 2109 3797; baseline 0.003 -20"><span class='ocrx_word' id='word_1_261' title='bbox 397 3749 700 3781; x_wconf 70' lang='lat' dir='ltr'><strong>scnwznen.</strong></span> <span class='ocrx_word' id='word_1_262' title='bbox 773 3727 818 3796; x_wconf 83' lang='grc' dir='ltr'>β</span> <span class='ocrx_word' id='word_1_263' title='bbox 851 3737 900 3780; x_wconf 88' lang='lat' dir='ltr'><strong>in</strong></span> <span class='ocrx_word' id='word_1_264' title='bbox 930 3738 1130 3794; x_wconf 77' lang='lat' dir='ltr'><strong>Alpibus</strong></span> <span class='ocrx_word' id='word_1_265' title='bbox 1166 3727 1427 3784; x_wconf 64' lang='lat' dir='ltr'><strong>Rh&#39;aeticis</strong></span> <span class='ocrx_word' id='word_1_266' title='bbox 1462 3737 1563 3793; x_wconf 83' lang='lat' dir='ltr'><strong>ipse</strong></span> <span class='ocrx_word' id='word_1_267' title='bbox 1600 3740 1714 3797; x_wconf 83' lang='lat' dir='ltr'><strong>legi.</strong></span> <span class='ocrx_word' id='word_1_268' title='bbox 1756 3762 1819 3772; x_wconf 92' lang='lat'>—</span> <span class='ocrx_word' id='word_1_269' title='bbox 1870 3739 1947 3783; x_wconf 71' lang='grc' dir='ltr'><strong>ΡΙ.</strong></span> <span class='ocrx_word' id='word_1_270' title='bbox 1988 3738 2109 3783; x_wconf 78' lang='lat' dir='ltr'><strong>lulio</strong></span> 
     </span>
     <span class='ocr_line' id='line_1_38' title="bbox 397 3799 835 3870; baseline 0.009 -23"><span class='ocrx_word' id='word_1_271' title='bbox 397 3811 443 3847; x_wconf 81' lang='lat' dir='ltr'><strong>et</strong></span> <span class='ocrx_word' id='word_1_272' title='bbox 476 3810 709 3865; x_wconf 78' lang='lat' dir='ltr'><strong>Augusto.</strong></span> <span class='ocrx_word' id='word_1_273' title='bbox 748 3799 835 3870; x_wconf 65' lang='lat'><strong>2⁴..</strong></span> 
     </span>
    </p>
   </div>
   <div class='ocr_carea' id='block_1_7' title="bbox 264 3899 2105 4101">
    <p class='ocr_par' dir='ltr' id='par_1_8' title="bbox 264 3899 2105 4101">
     <span class='ocr_line' id='line_1_39' title="bbox 362 3899 2105 3973; baseline 0.004 -20"><span class='ocrx_word' id='word_1_274' title='bbox 362 3909 479 3954; x_wconf 69' lang='grc' dir='ltr'><strong>ΟΜ.</strong></span> <span class='ocrx_word' id='word_1_275' title='bbox 537 3913 837 3964; x_wconf 79' lang='lat' dir='ltr'><strong>„Visciditas</strong></span> <span class='ocrx_word' id='word_1_276' title='bbox 868 3915 916 3958; x_wconf 87' lang='lat' dir='ltr'><strong>in</strong></span> <span class='ocrx_word' id='word_1_277' title='bbox 951 3918 1047 3958; x_wconf 75' lang='lat' dir='ltr'><strong>tota</strong></span> <span class='ocrx_word' id='word_1_278' title='bbox 1083 3899 1241 3970; x_wconf 79' lang='lat' dir='ltr'><strong>planta</strong></span> <span class='ocrx_word' id='word_1_279' title='bbox 1278 3928 1333 3958; x_wconf 84' lang='lat' dir='ltr'><strong>ea</strong></span> <span class='ocrx_word' id='word_1_280' title='bbox 1371 3921 1471 3970; x_wconf 82' lang='lat' dir='ltr'><strong>est,</strong></span> <span class='ocrx_word' id='word_1_281' title='bbox 1513 3920 1562 3960; x_wconf 77' lang='lat' dir='ltr'><strong>ut</strong></span> <span class='ocrx_word' id='word_1_282' title='bbox 1603 3917 1762 3973; x_wconf 72' lang='lat' dir='ltr'><strong>digitis</strong></span> <span class='ocrx_word' id='word_1_283' title='bbox 1800 3915 2105 3963; x_wconf 66' lang='lat' dir='ltr'><strong>fei—eadhae-</strong></span> 
     </span>
     <span class='ocr_line' id='line_1_40' title="bbox 265 3984 2105 4039; baseline 0.005 -19"><span class='ocrx_word' id='word_1_284' title='bbox 265 3987 361 4022; x_wconf 65' lang='grc' dir='ltr'><strong>τεαὶ</strong></span> <span class='ocrx_word' id='word_1_285' title='bbox 409 3985 457 4024; x_wconf 81' lang='lat' dir='ltr'><strong>et</strong></span> <span class='ocrx_word' id='word_1_286' title='bbox 501 3985 660 4027; x_wconf 78' lang='lat' dir='ltr'><strong>tei-rae</strong></span> <span class='ocrx_word' id='word_1_287' title='bbox 710 3984 902 4037; x_wconf 80' lang='lat' dir='ltr'><strong>pulvere</strong></span> <span class='ocrx_word' id='word_1_288' title='bbox 952 3986 1083 4028; x_wconf 77' lang='lat' dir='ltr'><strong>valde</strong></span> <span class='ocrx_word' id='word_1_289' title='bbox 1132 3986 1526 4039; x_wconf 82' lang='lat' dir='ltr'><strong>conspurcetur.&#39;&#39;</strong></span> <span class='ocrx_word' id='word_1_290' title='bbox 1595 3986 1967 4029; x_wconf 60' lang='lat' dir='ltr'><strong>Wsnu&#39;suzno.</strong></span> <span class='ocrx_word' id='word_1_291' title='bbox 2054 3985 2105 4029; x_wconf 82' lang='lat' dir='ltr'><strong>ln</strong></span> 
     </span>
     <span class='ocr_line' id='line_1_41' title="bbox 264 4049 1698 4101; baseline 0.004 -8"><span class='ocrx_word' id='word_1_292' title='bbox 264 4052 412 4101; x_wconf 70' lang='lat' dir='ltr'><strong>plania</strong></span> <span class='ocrx_word' id='word_1_293' title='bbox 453 4049 728 4098; x_wconf 77' lang='lat' dir='ltr'><strong>Goukardi</strong></span> <span class='ocrx_word' id='word_1_294' title='bbox 765 4051 878 4096; x_wconf 76' lang='lat' dir='ltr'><strong>folia</strong></span> <span class='ocrx_word' id='word_1_295' title='bbox 915 4053 1149 4098; x_wconf 78' lang='lat' dir='ltr'><strong>emm-cida</strong></span> <span class='ocrx_word' id='word_1_296' title='bbox 1185 4054 1445 4099; x_wconf 70' lang='lat' dir='ltr'><strong>atro-fusca</strong></span> <span class='ocrx_word' id='word_1_297' title='bbox 1477 4056 1698 4100; x_wconf 77' lang='lat' dir='ltr'><strong>evadunt.</strong></span> 
     </span>
    </p>
   </div>
  </div>
 </body>
</html>
