2669 4742
521 464 643 525 460
995 457 1199 524 XIII.
1246 457 1898 524 POLYANDRIA.
1919 458 1929 472 “

655 605 703 650 in
729 606 800 650 M.
836 604 1051 660 liesca,
1099 605 1463 664 Taveyannas,
1501 603 1754 666 Prapios,
1794 602 1984 651 Audon
2020 609 2113 650 etc.
2153 606 2378 650 Ηιιιιιι.

654 677 707 720 ln
732 677 804 720 Μ.
830 674 1040 723 Solalcae
1063 680 1111 720 et
1137 674 1433 719 Martinus.
1472 674 1591 718 Rev.
1621 675 1845 718 Murra.
1904 675 1956 718 In
1988 674 2383 722 Gloronenss’um

650 744 853 801 Alpibus
893 745 1259 805 Baumgartcn,
1311 742 1662 788 Durnachthol
1700 749 1793 788 etc.
1844 757 1951 788 cum
1994 746 2146 799 priori
2188 744 2377 797 forma,

651 828 769 873 quae
797 815 917 859 locis
943 813 1277 858 humilioribus
1302 814 1541 868 provenit.
1583 812 1659 858 Cl.
1687 813 2166 859 Hactrscuwuua.
2194 837 2260 848 —
2296 815 2378 859 El.

650 885 772 929 lulio
799 889 845 929 et
869 885 1104 942 Augusto.
1144 874 1231 946 21..

617 972 736 1018 Ocs.
776 971 991 1016 Botanici
1035 971 1187 1014 nostri
1232 970 1408 1016 hancce
1438 970 1645 1015 formam
1680 971 1859 1030 absque
1896 970 2041 1015 dubio
2076 985 2184 1015 cum
2224 972 2382 1027 priori

514 1043 846 1088 confuderunt.
916 1040 987 1085 De
1026 1042 1132 1084 ioco
1169 1041 1312 1083 natali
1341 1041 1498 1098 itaque
1525 1042 1640 1085 nihil
1666 1045 1889 1086 adserere
1914 1042 2097 1095 audeo,
2137 1056 2245 1085 cum
2271 1056 2383 1086 eam

511 1126 742 1171 nusquam
775 1112 877 1167 ipse
902 1108 1186 1166 repererim.
1261 1110 1406 1154 Certe
1437 1116 1593 1155 tamen
1629 1113 1840 1157 amiciss.
1866 1110 1971 1156 Em.
1995 1112 2207 1155 'raonis
2233 1112 2382 1155 etiam

513 1178 793 1239 in'Alpibus
829 1179 1224 1244 aquileiensibus
1259 1182 1431 1224 lectam
1466 1181 1616 1226 misit.

624 1337 734 1395 ΙΙΙ.
776 1337 1167 1392 Damnatum
1195 1340 1598 1392 intermedium
1633 1337 2126 1410 amethystinum‚
2175 1367 2238 1379 ·-
2281 1337 2381 1395 fo-

510 1432 608 1489 liis
646 1428 1303 1508 palmato-multilobise
1368 1427 1523 1486 lobis
1563 1432 1895 1506 contiguis,
1956 1430 2194 1506 petiolis
2235 1448 2381 1506 ger-

509 1524 887 1601 minibusque
926 1521 1425 1600 pubescentibus,
1470 1521 1703 1582 calcare
1735 1542 1992 1583 recurvo
2017 1525 2234 1600 petalis
2261 1524 2381 1581 du-

508 1621 607 1698 plo
640 1617 940 1676 breviore.
1789 1620 1801 1635 ’·

621 1740 1032 1799 Pulcherrima
1073 1741 1251 1797 etiam
1292 1741 1487 1797 forma
1525 1739 1776 1796 calcaris
1814 1736 2107 1796 brevitate
2145 1736 2382 1816 figura-

510 1853 623 1913 que
662 1837 863 1892 statim
902 1854 936 1890 a
980 1832 1286 1910 prioribus
1332 1834 1725 1910 dignoscitur.
1807 1832 2072 1890 Caulis
2115 1835 2383 1908 petio-

507 1930 693 2005 lique
737 1927 1106 2005 longissimi,
1170 1945 1246 1984 ex
1300 1926 1487 1984 altera
1545 1938 1717 2002 parte
1766 1927 2169 2002 pulcherrimo
2213 1943 2385 1984 ame-

504 2024 775 2095 thystino
837 2022 1037 2079 colore
1097 2022 1291 2080 tincti.
1370 2021 1587 2078 Folia
1643 2019 1799 2096 pube
1856 2018 2029 2077 brevi
2079 2020 2186 2079 sed
2227 2024 2382 2078 satis

509 2116 695 2173 densa
727 2115 1022 2182 velutina,
1065 2114 1295 2179 mollia,
1339 2112 1494 2171 lobis
1522 2125 1750 2189 septem
1775 2134 1834 2171 v.
1869 2132 2085 2172 novem
2112 2133 2380 2190 superne
2477 2146 2482 2153 ,

506 2207 803 2285 profunde
830 2209 1038 2264 incisis
1056 2251 1073 2277 ,
1103 2205 1432 2265 subtrifidis
1449 2249 1465 2276 ‚
1494 2208 1768 2266 lacinulis
1792 2208 2138 2267 lanceolatis
2155 2251 2172 2277 ‚
2202 2210 2381 2283 apice

508 2303 769 2360 callosis.
853 2302 933 2358 Hi
980 2299 1105 2358 lobi
1156 2319 1378 2358 omnes·
1403 2302 1635 2358 inferne
1670 2302 1847 2380 longe
1888 2304 2155 2379 contigui
2195 2313 2378 2371 sunt,

507 2408 567 2453 et
605 2415 863 2472 superne
900 2407 1132 2466 tantum
1170 2396 1523 2471 divergunte
1565 2399 1684 2453 imo
1725 2399 1788 2453 in
1814 2397 1972 2454 foliis
2005 2396 2379 2454 radicalibus

508 2493 767 2549 invicem
816 2489 1226 2548 incumbentes
1284 2490 1832 2566 deprehenduntur.
1926 2490 2145 2547 Latera
2189 2502 2384 2562 *exte-

509 2586 673 2653 riora
714 2585 1074 2643 extimorum
1112 2586 1355 2641 omnino
1393 2585 1676 2659 parallela
1713 2587 2245 2662 approximataque
2287 2586 2382 2642 ef-

508 2677 749 2747 ficiunt,
817 2689 883 2735 ut
932 2679 1072 2735 folia
1121 2677 1339 2752 peltata
1393 2697 1525 2735 esse
1571 2678 1906 2735 videantur.
1999 2678 2380 2736 Racemus

509 2773 793 2848 simplex,
837 2770 1231 2840 multifloruS,
1264 2772 1656 2831 4·6-uncialis
1680 2814 1696 2839 ‚
1737 2772 2198 2848 pedunculis
2239 2771 2382 2831 basi

509 2864 868 2933 bracteatis,
936 2865 1373 2940 pilosiusculis,
1439 2864 1701 2923 bracteis
1749 2861 2380 2923 lanceolam-lineari-

503 2958 650 3026 bus,
693 2960 1131 3034 angustissimis
1155 2999 1170 3025 ,
1212 2956 1711 3033 pubescentibuS‚
1754 2959 2093 3034 pedunculo
2127 2957 2379 3016 brevio-

406 3057 415 3064 “
503 3051 708 3109 ribus=
750 3050 1089 3108 bracteolae
1116 3059 1151 3107 2
1179 3064 1386 3109 exacte
1423 3054 1798 3121 terminaleS,
1843 3052 1983 3110 flori
2021 3052 2373 3128 adpressae.

503 3147 551 3208 F
565 3147 774 3202 lores
814 3144 1241 3219 pubescentes,
1313 3147 1563 3220 pulchre
1603 3148 1848 3218 cyanei,
1916 3149 2076 3204 intus
2118 3146 2238 3204 albi
2279 3147 2380 3204 vel

445 3243 456 3251 ”
503 3241 778 3297 caeruleo
795 3238 1044 3315 alboque
1059 3241 1381 3315 variegati,
1425 3240 1659 3295 calcare
1679 3257 1971 3307 recurvo,
2014 3240 2228 3316 petalis
2244 3242 2377 3297 fere

504 3335 684 3410 duplo
722 3333 1021 3390 breviore.
1102 3332 1375 3390 Petala
1420 3333 1705 3389 inferiora
1744 3332 2035 3409 oblonga,
2078 3345 2371 3410 angusta,

503 3429 885 3484 conniventia
903 3448 922 3482 τ
963 3424 1165 3483 infima
1192 3432 1227 3481 2
1255 3428 1423 3501 apice
1450 3426 1744 3484 cucullato
1771 3427 2017 3485 inflexa.
2085 3428 2185 3484 Ne
2202 3447 2235 3484 c
2253 3440 2377 3484 ta-

502 3523 623 3577 ria
663 3528 699 3577 2
735 3518 918 3577 limbo
957 3518 1248 3596 oblongo,
1317 3530 1528 3589 ovato,
1592 3520 1839 3595 pulchre
1878 3511 2137 3590 venoso',
2199 3523 2377 3596 apice

503 3613 697 3672 obiter
733 3612 940 3670 bifido.
1019 3614 1481 3688 Parapetala
1528 3612 1756 3681 albida,
1800 3614 2037 3670 inferne
2070 3617 2248 3671 etiam
2282 3615 2378 3670 la-·

502 3708 791 3775 tiuscula,
837 3726 947 3764 nec
987 3707 1265 3764 distincte
1303 3707 1687 3782 pedicellata‚
1728 3706 1912 3764 limbo
1948 3708 2069 3764 lato
2089 3750 2103 3777 ,
2145 3706 2369 3776 bifido,

503 3800 735 3858 modice
774 3801 994 3857 ciliato.
1077 3801 1436 3857 Germina
1475 3804 1544 3868 5,
1586 3799 1997 3875 pubescentia.
2079 3800 2182 3877 (D.
2227 3801 2311 3875 s.)

572 3918 695 3966 nab.
725 3920 771 3963 in
796 3918 995 3974 Alpibus
1020 3916 1433 3980 aquileiensibus.
1507 3918 1559 3963 In
1592 3920 1664 3965 Μ.
1691 3920 1920 3966 Lunares
1951 3934 1979 3963 a
2010 3919 2088 3965 Cl.
2117 3934 2183 3964 nr.
2206 3920 2372 3964 Cun-

642 4001 854 4032 num-in
879 3990 1118 4034 inventum
1143 3993 1217 4032 est
1230 4017 1245 4041 ,
1286 3988 1366 4045 qui
1391 3988 1505 4032 mihi
1533 3988 1651 4034 hanc
1676 3989 1941 4036 formosam
1965 3992 2175 4044 plantam
2199 3990 2372 4035 buma-

642 4057 836 4103 nissimc
863 4058 1195 4114 suppeditavit.
1238 4081 1304 4092 —
1339 4058 1417 4102 1⁸1.
1446 4058 1569 4104 lulio
1596 4064 1642 4103 et
1666 4060 1901 4118 Augusto.
1942 4050 2027 4122 21..
