2669 4742
752 416 922 483 XII.
968 414 1596 482 ICOSANDRIA:
1978 416 2103 481 393

230 557 641 619 obtusioribus
689 554 1210 633 brevioribusque.
1301 556 1351 613 P
1368 555 1569 611 etala
1622 553 2105 613 obcordato-cu-
2165 611 2172 616 ,

230 666 444 723 neata,
526 652 730 726 calyce
783 651 993 709 saltem
1045 648 1224 725 duplo
1266 648 1541 724 longiora
1559 690 1576 716 ,
1653 647 1872 724 pallide
1907 648 2065 706 lutea
2083 694 2101 719 ‚

230 747 406 817 basi,
469 756 537 803 ut
583 744 854 814 videtur,
915 744 1146 801 macula
1190 761 1382 819 parva
1420 744 1767 799 saturatiori
1803 743 2107 819 insignita.

230 838 828 926 Receptaculum
869 837 1355 896 villosiusculum.
1438 834 1748 892 Semina
1787 854 1913 893 uon
1951 836 2098 894 vidi.

232 933 337 1003 (D.
380 939 464 1001 s.)
536 997 542 1002 ,

242 1097 250 1114 f
301 1051 429 1108 Bab.
469 1052 516 1097 in
547 1049 750 1107 Alpibus
779 1048 1025 1098 Valesiue
1048 1049 1276 1094 Austrum
1315 1061 1483 1094 versus
1527 1049 1661 1103 sitis,
1700 1012 2120 1105 rarissima,·nec'

310 1154 323 1165 .
345 1165 348 1168 Α
369 1122 466 1166 nisi
491 1130 636 1177 supra
661 1121 953 1167 Zermauen
976 1121 1183 1165 inventa.
1221 1120 1342 1164 Rev.
1368 1120 1576 1163 Mearm
1606 1124 1654 1164 et
1672 1118 1750 1164 Cl.
1773 1121 2104 1165 scut-mcum.

373 1214 443 1225 --
478 1192 557 1236 ri.
596 1190 740 1236 ιιιιὶο.
776 1180 867 1253 21..

338 1277 459 1323 ΟΜ.
487 1278 530 1323 1.
575 1279 750 1323 Planta
779 1278 975 1334 pulchra
1003 1277 1348 1335 rarissimoque
1404 1275 1600 1320 omnino
1637 1276 1762 1321 inter
1800 1275 1863 1324 P.
1898 1291 2102 1325 auream

230 1347 293 1393 1..
336 1347 454 1404 (uon
481 1345 637 1405 auct.)
672 1352 722 1393 et
754 1348 818 1394 Ρ.
857 1345 1177 1409 multifidam
1199 1345 1431 1405 ambigit3
1467 1345 1578 1390 binc
1616 1359 1809 1394 nomen.
1868 1346 2102 1403 Ampliss.

235 1418 438 1463 Rauca
478 1416 548 1462 fil.
603 1422 652 1462 et
693 1416 771 1462 Cl.
805 1417 1022 1463 Summos
1059 1430 1168 1462 eam
1208 1417 1269 1461 ad
1304 1416 1440 1460 illam
1473 1415 1722 1470 referunt,
1782 1416 2101 1462 amicissimus

235 1493 396 1533 autem
429 1487 533 1532 Eu.
556 1487 769 1532 Tnoaus
803 1501 955 1546 aequo
989 1487 1094 1531 fere
1130 1485 1238 1531 iure
1274 1485 1592 1543 insigniorem
1622 1485 1764 1529 buius
1801 1499 1907 1531 esse
1945 1488 2105 1532 varie-

235 1561 383 1602 tatem
407 1562 573 1612 putat,
610 1561 661 1601 ut
693 1557 790 1601 iam
821 1556 1208 1602 accuratissimus
1231 1555 1564 1599 Banasa-zm
1604 1554 1652 1599 in
1685 1553 2104 1601 observationibus

233 1627 293 1669 ad
320 1626 388 1671 P.
420 1622 727 1683 multifidam
768 1627 826 1671 de
863 1627 1021 1682 planta
1060 1624 1471 1669 Tournefortiana
1508 1625 1776 1680 suspicatus
1813 1629 1905 1669 est.
1980 1627 2105 1684 Quin

238 1696 384 1740 etiam
409 1695 488 1739 cl.
515 1694 799 1750 Lausum«,
837 1697 972 1741 cuius
1010 1695 1402 1739 dissertationem
1437 1693 1494 1737 de
1530 1691 1810 1739 Potentius
1844 1694 1980 1740 adire
2015 1710 2110 1741 non

235 1766 389 1820 potui,
426 1764 493 1810 P.
516 1763 866 1827 geranioidem
883 1764 1120 1811 Schleich.
1146 1765 1205 1807 ad
1225 1763 1286 1810 P.
1304 1760 1655 1808 intermediam
1674 1763 1878 1808 traxisse
1899 1766 2107 1820 videtur,

235 1835 361 1892 quod
387 1839 545 1878 tamen
573 1834 653 1878 vix
683 1834 807 1878 ullus
844 1834 1051 1890 probare
1081 1833 1215 1879 velit.
1289 1833 1411 1876 Var.
1444 1842 1488 1878 α
1522 1832 1676 1890 magis
1712 1846 1820 1877 cum
1860 1832 1924 1879 Ρ.
1951 1848 2108 1880 aurea

232 1904 485 1962 congruit:
547 1903 709 1948 differt
740 1907 899 1949 tamen
941 1903 1117 1960 phyllis
1158 1901 1295 1946 valde
1332 1902 1691 1959 inaequalibus,
1756 1903 1929 1957 petalis
1961 1904 2106 1959 duplo

236 1971 508 2017 minoribus
525 2002 540 2027 ,
578 1973 828 2028 discretis,
868 1976 1003 2018 acute
1029 1971 1243 2016 cuneatis
1267 1971 1536 2028 pallideque
1559 1971 1891 2016 flavicantibus
1910 2004 1923 2027 ,
1964 1987 2021 2017 ne
2048 1975 2106 2018 de

240 2042 424 2087 foliolis
449 2040 679 2097 profunde
705 2042 996 2096 pinnatifidis
1020 2042 1129 2100 quid
1155 2041 1329 2085 dicam.
1400 2041 1575 2085 Planta
1600 2033 1644 2085 Β
1663 2040 1895 2085 foliorum
1920 2042 2105 2088 laciniis

236 2112 390 2170 magis
415 2110 729 2164 distantibus,
769 2113 984 2171 angustis
1019 2125 1074 2155 ac
1100 2109 1246 2154 dorso
1276 2110 1472 2166 pulchre
1496 2109 1851 2156 candicantibus
1881 2112 2107 2157 sericeis·

237 2194 325 2238 que
356 2176 642 2241 multifidae
680 2175 843 2238 'utique
880 2193 1022 2240 quam
1060 2193 1243 2224 aureae
1277 2180 1477 2234 propior
1515 2182 1606 2224 est.
1663 2179 1941 2239 ‘Utramque
1979 2184 2107 2227 enim

235 2251 446 2306 plantam
472 2252 640 2292 nostra
668 2249 729 2292 Ρ.
757 2246 1008 2314 mulczflda
1037 2240 1084 2314 β
1118 2248 1448 2310 geranioides
1482 2250 1770 2308 coniungere
1794 2251 1998 2297 videtur.
2038 2275 2106 2286 -

237 2318 290 2363 ln
318 2320 553 2363 varietate
579 2326 625 2363 α
647 2328 942 2367 canescente
972 2319 1092 2364 folia
1127 2318 1315 2364 iuniora
1358 2319 1502 2363 etiam
1537 2320 1683 2363 dorso
1709 2320 1895 2366 sericeo
1920 2322 2106 2379 conspi-

238 2402 325 2434 cua
359 2394 490 2434 sunt.

341 2476 464 2522 Oos.
501 2476 568 2521 11.
605 2475 778 2520 Planta
795 2474 1220 2531 Tournefortiana,
1261 2488 1402 2534 quam
1421 2474 1497 2520 Cl.
1523 2474 1753 2520 Nes-ruta
1777 2475 1988 2522 breviter
2023 2480 2103 2523 de-

240 2547 431 2603 scripsit
465 2538 750 2603 depingique
785 2545 997 2600 curavit,
1035 2560 1064 2590 a
1097 2550 1266 2590 nostra
1290 2546 1480 2603 quidem
1516 2545 1647 2589 foliis
1676 2547 1827 2590 multo
1858 2547 2107 2602 pilosiori-

239 2615 357 2671 bus,
395 2615 582 2659 foliolis
614 2614 751 2659 basin
781 2627 951 2659 versus
978 2614 1240 2660 linearibus
1277 2616 1436 2670 potius
1467 2624 1608 2672 quam
1633 2616 1875 2663 cuneatis;
1914 2618 2106 2661 extimis

240 2698 380 2741 saepe
416 2684 659 2741 bipartitis
696 2684 981 2743 petiolisque
1021 2683 1309 2729 radicalibus
1346 2685 1499 2729 multo
1536 2684 1841 2728 brevioribus
1877 2685 2103 2731 recedere

236 2755 452 2811 videtui-3
499 2766 668 2799 verum
710 2752 871 2797 habitu
916 2754 1184 2812 ceterisque
1229 2754 1359 2798 notis
1394 2759 1493 2798 tam
1523 2753 1719 2813 egregie
1755 2755 2008 2812 convenit,
2052 2759 2104 2800 ut

240 2822 375 2870 facile
411 2826 472 2870 ad
506 2828 724 2869 nostram
758 2824 968 2879 plantam
1002 2828 1220 2880 spectare
1257 2823 1430 2880 possit.

460 2982 532 3037 B.
573 2979 728 3036 Folia
765 2980 990 3035 caulina
1025 2984 1215 3034 omnia
1252 2999 1305 3037 v.
1348 2979 1606 3054 pleraque
1646 2996 1876 3038 tet-nats.

345 3097 517 3151 1172.
558 3091 958 3148 Ροτεκτιιιᾼ
997 3111 1180 3146 aurea
1219 3091 1295 3148 L.
1342 3123 1404 3136 —
1448 3092 1519 3149 P.
1549 3093 1708 3149 foliis
1734 3089 2098 3150 radicalibus

245 3187 535 3262 quinatis:
592 3184 812 3242 foliolis
853 3183 1126 3242 obovatis
1184 3187 1526 3266 cuneatisve
1580 3188 2097 3254 inciso-serratis,

245 3279 403 3335 caule
441 3266 841 3335 adscendente
859 3320 875 3348 ,
919 3278 1132 3353 petalis
1154 3277 1545 3336 subrotundis
1574 3281 1870 3355 contiguis
1896 3279 2097 3351 calyce

244 3372 421 3429 multo
452 3370 804 3428 maioribus.
883 3371 1018 3447 (Sp.
1064 3377 1158 3432 19.
1202 3372 1359 3430 Gall.
1402 3377 1712 3430 Potentille
1750 3362 1971 3445 ι’ίονέε.)

313 3484 433 3540 Ser.
463 3487 617 3542 Mus.
635 3484 792 3540 Helir.
815 3488 868 3540 1.
900 3503 1022 3558 pag.
1045 3489 1138 3543 72.
1205 3486 1264 3540 P.
1296 3487 1573 3552 alpestris
1604 3482 1750 3541 Han.
1781 3484 1857 3563 fil.
1888 3490 1944 3539 in
1975 3486 2092 3540 Ser.

384 3563 538 3630 Mps.
566 3562 612 3615 Ι.
637 3577 688 3616 c.
718 3579 774 3633 p.
797 3565 910 3621 55.“
933 3563 1070 3631 Hcg.
1090 3563 1284 3614 Reisen
1309 3562 1438 3619 156.
1462 3577 1517 3614 n·
1544 3562 1601 3618 4.

314 3721 381 3776 P.
403 3738 578 3773 aurea
606 3724 746 3787 (non
774 3722 955 3788 auct.)
980 3723 1040 3777 L.
1066 3720 1163 3793 Sp.
1183 3722 1413 3778 P1.717;
1456 3720 1575 3775 Ser.
1602 3725 1660 3773 in
1674 3718 2013 3776 Dec.Prodr.
2034 3724 2091 3776 2.

388 3796 583 3866 p.576.
607 3813 665 3849 n.
692 3797 782 3853 30.
825 3795 1139 3855 Wahlenb.
1168 3797 1329 3868 Carp.
1347 3814 1400 3868 p.
1430 3798 1559 3856 157.
1599 3794 1779 3850 Smith
1795 3797 1937 3850 Brit.
1959 3799 2091 3855 549.

387 3870 557 3942 (excl.
594 3886 720 3942 syn.
758 3870 933 3937 Hau.)

353 3998 399 4058 1.
439 3997 835 4059 Porum-rana
875 4019 1054 4059 aurea
1094 4018 1326 4061 crocea.
1379 4031 1439 4045 —·
1483 4000 1552 4061 P.
1585 3999 2096 4068 foliorumdentf-
