2669 4742
724 449 853 512 xl.
897 447 1611 549 DODECANDR1A.
1876 516 1883 523 N
1979 451 2095 513 271

247 591 508 647 maiores
528 606 706 665 qnam
728 589 973 663 prioris.
1017 587 1199 661 Caly
1213 607 1256 643 x
1278 562 1628 662 persistam,
1656 589 2100 663 petalismaior,

248 685 617 758 sexpartitus
635 725 650 750 ‚
678 700 819 738 mox
838 672 1006 739 valde
1034 673 1348 756 ampliatus
1367 723 1382 748 ,
1409 681 1643 737 laciniis
1669 681 2098 759 inaequalibus,

249 779 443 833 ovatis
465 818 484 844 ‚
528 774 798 851 oblongis
816 818 833 845 ‚
864 767 1126 844 obtusis}
1154 775 1615 859 patentissimis=
1658 773 1859 832 infima
1881 775 2104 851 depen-

249 870 446 926 dente.
528 870 578 926 P
594 880 664 926 et
682 870 797 926 ala
835 870 958 925 fere
995 856 1074 924 ut'
1099 870 1162 924 in
1200 873 1268 925 R.
1306 872 1463 923 lutea
1500 867 1785 943 disposita
1801 912 1816 937 ‚
1872 868 2064 926 albida
2082 912 2100 939 ,

250 964 555 1038 eleganter
583 960 897 1043 *multifida
916 1003 933 1031 ‚
1011 962 1244 1018 laciniis
1302 961 1657 1036 capillaceis.
1764 960 1806 1018 S
1822 973 1848 1018 t
1862 981 1894 1019 a
1909 981 1968 1018 m
1981 965 2002 1020 i
2015 982 2055 1019 n
2069 983 2105 1019 a

252 1074 575 1131 numerosa
592 1097 609 1125 ,
668 1054 878 1129 petalis
916 1052 1195 1112 breviora
1215 1098 1230 1123 ‚
1299 1074 1330 1110 a
1348 1073 1387 1110 n
1407 1056 1480 1111 th
1497 1073 1527 1112 e
1542 1059 1651 1113 ris
1678 1056 1863 1138 ¹luteis
1909 1075 1958 1112 S.
1999 1076 2105 1113 ru·-

252 1146 446 1206 hellis.
504 1148 551 1206 C
568 1170 599 1205 a
614 1168 652 1223 p
668 1167 697 1204 s
712 1148 752 1204 u'
762 1149 784 1203 l
798 1170 830 1205 a
846 1167 876 1204 e
919 1167 1188 1225 magnae,
1232 1147 1702 1224 suhpyriformes
1719 1191 1735 1218 ,
1778 1151 1943 1224 apice
1965 1148 2107 1207 hrc-

255 1245 413 1299 viter
449 1244 749 1312 tricornes
768 1284 783 1309 ‚
847 1242 922 1298 ad
974 1242 1219 1318 ang-ulos
1266 1242 1725 1300 scabrinsculae.
1809 1241 1851 1299 S
1868 1246 2056 1300 emin
2072 1263 2106 1300 a

255 1336 536 1411 capsulae
562 1335 887 1413 parietibus
913 1334 1106 1393 adfixa
1125 1379 1140 1406 ,
1182 1354 1392 1411 magna
1410 1379 1425 1407 ,
1470 1335 1660 1394 albida
1679 1377 1696 1406 ,
1736 1337 2104 1408 reniformia,

258 1441 603 1505 corrugata.
683 1429 783 1506 (D.
827 1435 918 1504 v.)
972 1455 976 1467 ‚
1574 1446 1579 1453 ·
2054 1438 2059 1441 “

262 1559 272 1566 '
324 1549 456 1594 nab.
481 1550 601 1594 locis
638 1550 856 1593 arenosis
892 1550 1142 1607 regionum
1176 1550 1482 1603 calidiorum,
1521 1552 1568 1594 in
1612 1550 2107 1596 Helvetia'rarissima

397 1628 485 1663 nec
520 1619 613 1663 nisi
655 1619 784 1662 circa
822 1618 1067 1664 Genevam
1108 1624 1317 1673 reperta.
1393 1620 1489 1662 Sub
1535 1621 1804 1665 molendino
1842 1633 2108 1675 papyraceo

399 1688 508 1747 pagi
544 1687 856 1749 Dardagny,
892 1688 940 1730 in
975 1689 1102 1732 arvis
1127 1694 1173 1731 et
1210 1690 1267 1732 ad
1292 1690 1454 1732 littora
1480 1688 1706 1735 Rhodani
1734 1703 1958 1734 arenosa.
1995 1689 2109 1733 Illu-

400 1759 560 1804 sti-iss.
597 1769 662 1799 nr.
688 1757 959 1810 Saussunz,
1000 1762 1048 1802 el:
1081 1771 1230 1811 nuper
1269 1771 1416 1812 prope
1454 1759 1651 1803 eundem
1674 1772 1847 1816 pagum
1871 1760 1976 1803 loco
2000 1757 2031 1802 ἁ
2059 1757 2111 1802 la

399 1826 585 1872 Pluine
627 1827 768 1874 dicto.
831 1827 1055 1870 Amiciss.
1101 1827 1369 1870 Mon-man.
1443 1827 1547 1885 Ego
1591 1828 1638 1871 in
1672 1826 1923 1876 Sabaudia
1962 1839 2111 1882 prope

401 1894 740 1941 Montmelian
776 1896 890 1954 legi.
930 1919 995 1930 —
1031 1896 1107 1939 Fl.
1137 1896 1501 1950 Aprili-Iunio.
1539 1888 1625 1960 Θ.

241 2138 244 2143 ,
358 2072 482 2159 cr.
528 2071 675 2134 299.
707 2072 1119 2133 numum..
1157 2073 1243 2133 L.
1290 2051 1443 2155 gen.
1492 2071 1637 2134 609.
1724 2071 1900 2135 Juss.
1961 2071 2109 2134 385.

261 2158 711 2259 Jithymc'zlus
732 2174 910 2237 Han.
932 2175 1199 2236 Gaertn.
1226 2175 1360 2235 tab.
1390 2176 1536 2237 107.
1585 2174 1642 2235 T
1648 2174 1982 2237 ourn.tab.
2006 2173 2111 2235 18.

396 2275 572 2340 Cal.
612 2275 1041 2350 ventricosus,
1090 2277 1502 2349 8-10-10bus:
1551 2274 1719 2338 lobis
1771 2273 2113 2339 exteriori-

261 2383 386 2464 hus
422 2379 673 2461 (petalis
713 2379 829 2458 L.)
873 2375 1290 2441 nectariferiS.
1383 2378 1514 2440 Sta
1531 2387 1616 2441 m.
1660 2378 1913 2442 diverso
1953 2389 2114 2466 tem-

262 2503 428 2564 pore
465 2480 888 2562 erumpentia,
935 2480 1180 2543 silam.
1217 2500 1408 2561 supra
1437 2481 1708 2543 medium
1742 2479 2111 2543 articulatis.

269 2582 510 2667 Caps.
560 2583 969 2671 pedicellata,
1018 2581 1329 2676 tripocca,
1378 2581 1735 2663 trisperma.

373 2710 494 2755 ΟΜ.
550 2708 867 2769 Euphorbiue
899 2709 1073 2764 flores,
1132 2714 1182 2753 ut
1214 2708 1430 2764 videtur,
1490 2722 1602 2753 vere
1633 2710 1894 2768 androgyni
1930 2714 2039 2753 sunt
2068 2716 2118 2755 et

270 2779 805 2837 composito-aggregati
828 2810 842 2833 ,
883 2783 935 2823 ut
970 2791 1131 2823 earum
1168 2779 1303 2833 calyx
1339 2792 1381 2823 s.
1419 2771 1714 2823 involucrum
1749 2792 1994 2824 commune
2025 2779 2112 2822 sso-

270 2862 350 2893 res
381 2861 695 2902 numerosos,
733 2850 971 2893 masculos
1006 2861 1173 2903 nempe
1203 2849 1354 2892 nudos
1389 2847 1455 2903 (v.
1488 2848 1590 2892 basi
1626 2848 1885 2905 squamnlis
1920 2850 1995 2894 vel
2022 2846 2117 2893 filis

268 2919 510 2962 nonnullis
548 2916 797 2972 stipatos),
837 2923 884 2962 et
917 2918 1206 2962 foemineum
1228 2918 1517 2976 singularem
1550 2920 1804 2963 centralem
1837 2920 2117 2974 complecta-

271 2993 367 3031 tur.
443 2987 629 3046 Idcirco
680 2987 825 3031 hocce
865 3000 1014 3047 genus
1057 2988 1135 3030 vix
1184 3001 1236 3030 ac
1265 3001 1331 3031 -ne
1367 2989 1445 3030 vix
1480 2988 1527 3031 in
1562 2988 1891 3032 Dodecandria
1924 3002 2117 3033 manere

269 3060 456 3111 potest:
496 3062 577 3100 aut
605 3058 664 3101 ad
698 3057 1033 3100 Menandriam
1068 3058 1432 3115 monogyniam‚
1470 3063 1666 3112 propter
1701 3058 1848 3101 flores
1882 3058 1931 3101 in
1961 3058 2118 3111 calyce

271 3126 509 3170 communi
528 3126 775 3181 collectos,
802 3127 957 3170 autad
981 3126 1626 3173 Monoeciammonandriam
1645 3128 1987 3172 amandandum
2005 3128 2115 3172 erit.

704 3243 1165 3339 msposmo
1207 3279 1683 3344 SPEcnmUM.

429 3410 466 3444 ‘²'
505 3413 790 3479 capsulae
827 3419 1024 3467 laeves
1059 3433 1121 3467 v.
1166 3418 1498 3467 tenuissime
1537 3415 1949 3466 tuber-calatas.

490 3506 535 3557 1.
578 3503 797 3559 Semina
839 3497 1163 3578 corrugata,
1200 3505 1485 3559 reticulata
1522 3522 1573 3556 v.
1610 3499 1895 3558 foveolata.

309 3618 356 3664 1.
391 3611 675 3664 Eurnona'u
712 3619 922 3682 Peplus.
1228 3617 1277 3663 4.
1316 3619 1473 3663 Eum.
1511 3615 1775 3677 Lathyris.

309 3687 357 3733 2.
394 3690 552 3734 Eum.
578 3685 813 3755 falcata..
1233 3686 1282 3734 5.
1319 3688 1478 3731 Eurn.
1516 3686 1782 3748 segetulis.

309 3755 354 3802 3.
392 3760 551 3806 Earn.
589 3758 794 3822 exigua.
1235 3756 1282 3803 6.
1319 3758 1479 3803 Enim.
1516 3754 1845 3817 helioscopio.

582 3867 658 3922 11.
713 3866 937 3921 Semina
975 3869 1167 3922 laevia.
1244 3865 1397 3920 Folia
1437 3867 1808 3934 integerrima.

311 3961 356 4008 7.
392 3964 549 4009 Eunu.
593 3963 936 4025 Cyparissius.
1224 3961 1271 4009 9.
1312 3963 1472 4008 Eum.
1506 3958 1832 4024 gerat-diana.

313 4030 359 4076 8.
395 4034 550 4078 Earn.
591 4033 763 4080 Esula.
903 4055 907 4060 ’
977 4085 978 4088 ¹
1196 4031 1278 4079 10.
1314 4033 1474 4080 Eurn.
1512 4028 1784 4090 sylvatica.
