2669 4742
548 426 674 492 362
1067 422 1239 489 XII.
1282 365 1894 491 ICOSANDRIA.

696 563 899 622 Schcd.
919 568 1054 625 251.
1117 568 1189 623 R.
1192 569 1531 639 fructuosus
1561 563 1603 618 b
1627 531 2020 640 'coryltfoliue
2038 564 2119 621 K.
2134 578 2193 619 et
2210 565 2280 620 Ζ.
2316 579 2428 620 cst.

696 641 882 703 Palat.
911 645 984 700 10
1011 657 1069 697 et
1096 647 1189 701 21.
1214 661 1276 696 n.
1294 648 1388 699 20.

619 802 787 933 ιῑιιιιὲςὶιὁ
813 803 1060 859 Boi-12.
1091 785 1361 862 ussaw.
1431 800 1718 856 Schmidei
1760 801 1847 857 ιο.
1876 797 1990 856 ιιι».
2020 803 2073 856 2.
2139 798 2434 857 εοιιιεῑοιι.

792 895 909 933 om·
939 894 1053 930 218·

545 973 595 1051 β
632 972 907 1035 discolor,
967 965 1127 1021 caule
1164 970 1447 1040 ramisque
1483 963 1940 1038 aculeatis-imin,
1993 967 2206 1024 foliolis
2250 966 2428 1023 dorso

698 1050 1059 1101 tomentosisz
1097 1042 1414 1098 iunioribus
1454 1044 1890 1114 niveo-lanatis,
1927 1047 2203 1118 provectis
2238 1044 2430 1098 calve·

694 1118 973 1174 mentibus
1011 1116 1422 1174 concoloribus.

619 1210 902 1270 schleich.
945 1228 1063 1268 exn.

542 1326 584 1384 y
618 1307 907 1372 vinealis,
944 1303 1148 1360 aculeis
1173 1309 1450 1374 recurvis,
1487 1273 1700 1362 foliolis
1721 1301 2020 1376 villosum,
2057 1303 2265 1379 phyllis
2288 1319 2425 1357 mu-

695 1378 1021 1449 cronulatis,
1063 1378 1257 1453 petalis
1294 1385 1489 1436 roseis.

617 1474 686 1531 R.
713 1478 970 1529 vinealis
992 1470 1144 1530 schl.
1175 1490 1290 1529 exs.

660 1602 721 1660 A
754 1606 827 1662 R.
841 1602 1152 1678 fruticoso
1187 1605 1348 1660 notis
1385 1600 1661 1661 facilibus
1688 1622 1723 1660 a
1749 1603 1941 1678 priori
1968 1602 2147 1679 paulo
2174 1603 2422 1678 aegrius

548 1697 945 1774 dignoscitur.
1023 1696 1114 1753 Eo
1153 1707 1356 1754 tamen
1392 1697 1577 1756 multo
1617 1697 1831 1753 elatior
1870 1708 1929 1753 et
1969 1691 2278 1754 robustior
2302 1707 2419 1752 est.

541 1790 823 1852 Aculei
859 1790 1070 1864 parvi,
1112 1790 1461 1868 plerumque
1494 1791 1872 1860 rectiusculi,
1915 1789 2166 1859 breves,
2209 1808 2426 1846 nume-

543 1885 709 1954 rosi,
766 1880 1061 1952 subulati,
1122 1885 1356 1940 inferne
1394 1902 1608 1959 parum
1639 1885 1960 1941 incrassati
1999 1886 2217 1961 vixque
2254 1901 2427 1939 com-

543 1978 764 2054 pressi.
843 1976 1054 2034 Rami
1092 1977 1328 2035 steriles
1371 1977 1664 2054 elongati,
1718 1975 2196 2054 flagelliformes,
2254 1979 2425 2051 sepi-

543 2069 658 2128 bus
699 2069 1010 2147 dumisque
1049 2070 1227 2148 longe
1266 2069 1712 2140 incumbenteS,
1765 2072 1963 2128 minus
2004 2090 2184 2147 quam
2213 2072 2279 2127 in
2320 2088 2422 2126 se-

543 2173 760 2242 quente
805 2163 1113 2238 angulosi:
1171 2163 1473 2222 fructiferi
1520 2166 1909 2233 erectiores„
1942 2164 2253 2239 pruinosi,
2312 2182 2422 2220 su-

540 2274 728 2333 perne
767 2255 1112 2332 pauiculati.
1191 2256 1415 2314 Folia
1451 2275 1758 2316 ramorum
1804 2257 2094 2314 sterilium
2134 2257 2422 2333 digitato-

536 2352 820 2429 quinata,
873 2348 1093 2408 foliolis
1128 2350 1364 2408 extimis
1412 2351 1476 2408 in
1512 2362 1685 2427 parte
1719 2352 1837 2409 ima
1872 2350 2142 2427 petioluli
2173 2348 2420 2408 brevis-

544 2446 682 2504 simi
704 2444 1049 2502 foliolorum
1065 2442 1400 2500 mediorum
1420 2442 1766 2525 sessilibus=
1805 2444 2157 2502 intermedia
2182 2446 2418 2501 maiora

542 2538 922 2617 petiolulata:
980 2536 1291 2594 terminale
1328 2536 1567 2613 longius
1605 2536 1985 2612 petiolatum‚
2039 2537 2418 2596 intermediis

494 2639 508 2653 ’
541 2635 722 2691 etiam
770 2632 995 2689 maius:
1075 2632 1303 2691 omnia.
1337 2632 1617 2707 utrinque
1680 2630 1834 2688 laete
1884 2634 2177 2702 virentia,
2243 2635 2416 2689 varie

544 2737 810 2794 serrata,
876 2725 1028 2783 facie
1084 2723 1324 2801 glabra,
1394 2724 1579 2781 dorso
1631 2721 2021 2800 pubescentia
2084 2725 2415 2794 villosave,

542 2818 951 2886 molliuscula,
1008 2822 1210 2892 Ceryli
1261 2817 1404 2875 folio
1456 2836 1636 2893 saepe
1688 2818 2008 2876 simillima.
2085 2819 2257 2877 Folia
2309 2839 2420 2876 ra-

540 2930 780 2969 morum
829 2910 1114 2969 fertilium
1159 2920 1394 2967 ternata
1412 2953 1428 2982 ‚
1495 2911 1712 2969 foliolis
1770 2915 2008 2977 extimis
2064 2914 2129 2970 iu
2185 2914 2416 2988 petiolo

542 3007 845 3063 communi
897 3002 1345 3065 subsessilibus.
1446 3005 1493 3061 F
1508 3004 1719 3063 lores
1764 3004 1883 3062 albi
1928 3025 1987 3064 v.
2029 3009 2222 3074 rosei,
2283 3007 2415 3062 fere

492 3096 501 3109 ⁴
539 3100 824 3170 fruticosi
881 3097 1016 3174 sed*
1045 3097 1394 3174 plerumque
1450 3100 1648 3155 minus
1706 3101 2046 3157 numerosi.·
2136 3100 2414 3173 Phylla

539 3209 827 3260 concava,
870 3190 1051 3248 dorso
1087 3191 1325 3260 incana,
1368 3192 2099 3261 lanceolata-acuminata,
2137 3191 2279 3249 flori
2313 3194 2413 3249 in-

540 3284 913 3354 cumbentia,
973 3283 1208 3341 demum
1256 3283 1486 3341 reflexa
1507 3326 1522 3352 ‚
1585 3288 1769 3342 arista
1812 3287 1940 3343 fere
1983 3286 2235 3355 lineari,
2297 3306 2414 3363 per

541 3380 818 3436 anthesin
858 3378 963 3436 vix
999 3377 1423 3454 sesquilineam
1458 3378 1669 3455 longa,
1724 3381 1892 3436 varie
1929 3380 2151 3437 intorta
2197 3383 2415 3437 termi-

540 3482 704 3531 nata.
780 3472 829 3530 F
843 3484 1110 3534 ructus
1149 3469 1455 3529 difficilius
1490 3490 1667 3548 quam
1705 3475 2009 3549 sequentis
2031 3473 2123 3531 =ad
2153 3476 2414 3530 maturi-

540 3577 724 3623 tatem
757 3568 1151 3640 perveniens,
1207 3567 1777 3641 atro-sanguineus,
1829 3566 2061 3624 acidior
2097 3568 2411 3642 acinisque

541 3658 720 3733 paulo
754 3657 1089 3715 rarioribus
1109 3701 1125 3728 ‚
1169 3658 1272 3715 sed
1310 3657 1646 3715 minoribus
1683 3671 1858 3736 atque
1895 3662 2086 3735 magis
2126 3678 2309 3737 quam
2343 3662 2412 3716 in

541 3761 732 3807 caesio
771 3752 1107 3808 numerosis
1147 3763 1454 3808 constans·
1534 3751 1637 3827 (D.
1672 3760 1758 3828 v.)

612 3868 735 3913 flab.
762 3871 819 3916 ad
846 3883 984 3926 sepes
1021 3876 1077 3915 et
1102 3870 1149 3915 iu
1181 3871 1414 3927 dumetis,
1456 3870 1648 3929 ubique.
1677 3895 1743 3906 —
1768 3873 1844 3917 Pl.
1867 3872 2275 3918 Iulio-Octobri.
2321 3858 2404 3935 ’5.

653 4008 822 4067 1118.
876 3972 1080 4064 'finnus
1120 4007 1461 4085 fruticosa-5
1513 4008 1608 4066 La
1648 4040 1709 4057 -—
1780 4009 1854 4067 R.
1907 4011 2063 4069 soliis
2118 4010 2412 4086 digitale-
