2669 4742
825 449 996 519 XII.
1020 450 1653 520 ·1cosANDR1A.
2049 455 2174 522 355

307 592 405 668 qui
444 592 563 649 iam
600 592 814 670 procul
851 603 911 651 et
948 605 1265 670 antequam
1306 593 1510 651 frutex
1547 595 1613 651 in
1648 606 2036 672 conspectum
2068 614 2175 654 ve-
2275 645 2280 651 ,

305 688 429 744 niat
447 688 817 762 percipitur,
861 688 1230 762 spargentia.
1307 687 1357 745 F
1376 687 1589 745 lores
1625 690 1999 760 terminalem,
2040 690 2172 766 ple-⁴

303 798 555 857 rumque
589 775 1080 855 subcorymbosi‚
1135 784 1272 850 5-5,
1324 783 1527 839 rarius
1566 782 1859 852 solitarii,
1919 784 2171 859 pulchre

302 875 632 943 incarnati,
713 876 922 949 parvi,
1001 873 1268 953 odorati,
1312 945 1313 948 Ἴ
1350 875 1576 950 calycis
1626 873 1769 933 tubo
1819 877 2169 955 plerumque

300 978 512 1036 ovato,
557 967 858 1042 hispidulo
897 986 957 1025 v.
998 965 1131 1024 basi
1160 977 1394 1024 tantum
1429 970 1755 1038 muricato‚
1799 982 1901 1027 aut
1925 974 2169 1030 omnino

300 1060 517 1130 laevi„
548 1060 785 1117 laciniis
820 1060 1202 1129 lanceolatis‚
1264 1061 1405 1136 pilis
1467 1062 1875 1138 glanduliferis
1930 1064 2172 1142 longiu-

302 1154 483 1210 sculis
514 1152 727 1211 obsitis
746 1194 763 1222 ,
804 1159 991 1215 2-3ve
1016 1151 1411 1229 pinnatilidis.
1489 1156 1919 1214 Pedunculi
1944 1167 2010 1214 ut
2034 1159 2171 1233 plu-

300 1249 520 1304 rimum
569 1247 1194 1325 glandulosoa-hispidi.
1287 1249 1556 1306 Petala
1612 1248 2171 1309 obcordatmemar-

301 1343 538 1417 ginata,
597 1340 733 1401 basi
771 1340 1012 1399 dilutius
1050 1357 1228 1397 rosea
1271 1359 1346 1398 v..
1374 1340 1591 1399 albida.
1669 1342 2003 1416 Fructus
2040 1345 2200 1402 fere·

299 1441 367 1493 R.
395 1443 675 1504 caninae,
728 1437 925 1491 minus
964 1434 1242 1509 sapidus,
1299 1435 1628 1493 seminibus
1666 1432 1934 1513 magnis,
1996 1438 2172 1497 villo-

301 1530 586 1586 sissimis.
672 1528 1072 1603 Stylorum
1128 1546 1270 1603 pars
1324 1540 1561 1587 exserta
1610 1527 1814 1588 brevis
1865 1549 2168 1610 parceque

303 1622 537 1679 villosa.
572 1639 577 1644 ’
618 1621 722 1694 (D.
764 1623 856 1698 v.)

365 1740 493 1787 Bab.
524 1741 585 1785 ad
613 1754 755 1797 sepes
788 1747 834 1786 et
857 1742 905 1786 in
928 1742 1131 1787 dumetis
1153 1740 1407 1798 praecipue
1432 1741 1645 1797 planitiei
1668 1742 1918 1799 frequens.
1988 1744 2044 1789 In
2079 1759 2168 1790 no-

437 1811 555 1856 stris
584 1811 865 1870 regionibus
890 1812 1323 1856 iuram-montanis
1349 1809 1414 1866 (v.
1430 1824 1509 1870 gr.
1532 1812 1658 1856 circa
1676 1811 2016 1875 διψῶν-μω,
2037 1815 2169 1861 Lon·

432 1879 595 1942 gir-od
617 1885 665 1926 et
688 1880 884 1927 Arsier
917 1881 1078 1925 rarius
1113 1881 1324 1925 occurrit
1357 1879 1518 1937 ibique
1549 1881 1832 1940 languescit.
1907 1881 2071 1941 Neque
2097 1888 2169 1928 ta.

434 1963 546 1994 men
570 1950 619 1994 in
649 1948 914 2005 subalpinis
939 1950 1132 1994 omnino
1163 1951 1326 2004 deest,
1367 1963 1478 1994 nam
1512 1964 1541 1993 a
1570 1963 1757 1995 summo
1776 1951 2009 1997 Hsntnno
2033 1953 2165 1998 eirca

439 2017 736 2065 Go‘scheaen
762 2019 1016 2064 observata
1041 2024 1133 2065 est.
1153 2041 1222 2054 —
1255 2019 1499 2065 Autumno
1522 2033 1636 2065 sero
1659 2019 1779 2068 folia
1803 2021 2004 2068 odorem
2026 2023 2171 2069 amit-

434 2092 559 2138 tunt.
597 2112 667 2123 -
701 2089 779 2134 rt.
816 2088 954 2133 lunio
991 2093 1040 2134 et
1074 2089 1218 2134 lulio.
1261 2080 1345 2152 ’5.

406 2226 581 2291 1145.
642 2230 812 2288 RosA
858 2231 1238 2301 spinulusfolia
1288 2230 1598 2289 Dematra.
1644 2261 1710 2276 —
1752 2232 1827 2290 R.
1868 2232 2165 2293 fructibus

297 2324 572 2404 oblongis
607 2324 1076 2402 pedunculisque
1114 2321 1400 2400 hispidis,
1441 2325 1665 2383 aculeis
1705 2326 1957 2386 caulinis
1983 2347 2165 2404 prae-

234 2438 237 2441 ’
296 2420 492 2498 longis
530 2421 748 2489 rectiS,
806 2419 1025 2476 foliolis
1074 2419 1343 2494 septenis
1391 2418 1661 2476 ovalibus
1701 2419 1885 2480 dorso
1924 2423 2167 2481 aculeo-

296 2514 430 2570 latis
455 2513 1071 2590 duplicato-serratis.
1148 2511 1286 2589 (Sp.
1318 2517 1411 2570 12.
1443 2511 1599 2570 Gall.
1627 2517 1832 2573 Rosiae·
1861 2515 1901 2568 ὰ
1912 2515 2166 2591 fauilla

296 2609 725 2682 spinultjfssres.)

365 2719 632 2776 nemun
655 2720 810 2777 auat
835 2736 893 2793 p.
913 2723 970 2781 a.
987 2735 1047 2775 a.
1065 2723 1160 2777 ιο.
1201 2702 1440 2790 negjm.
1460 2718 1620 2776 nav.
1642 2722 1700 2777 ι.
1717 2736 1775 2793 p.
1796 2720 1932 2782 557.

366 2881 439 2938 R.
467 2881 850 2952 spinultfolia
887 2898 933 2938 α
969 2880 1434 2935 Demaerattana
1457 2878 1649 2954 Thory
1673 2876 1874 2934 Prodr.
1898 2878 2166 2950 Monogr.

441 2955 578 3010 Ros.
609 2959 740 3014 115.
779 2953 913 3011 Red.
939 2970 995 3009 et
1019 2956 1211 3027 Thon-y
1241 2955 1373 3008 Ros.
1392 2954 1450 3013 5.
1477 2973 1528 3028 p.
1552 2959 1607 3013 7.
1642 2955 1797 3022 (edit.
1819 2950 2045 3027 maior).
2086 2981 2164 2999 —-

439 3030 510 3086 R.
545 3033 888 3100 rubiginosa
920 3047 981 3110 μ’
1008 3029 1387 3101 spinulifolia
1430 3029 1549 3087 Ser.
1582 3034 1644 3085 in
1682 3032 1819 3087 Deo.
1868 3029 2067 3087 Prodr.
2108 3034 2165 3087 2.

439 3121 500 3179 p.
528 3106 662 3165 616·

364 3238 554 3327 Tbory
578 3245 622 3302 1.
638 3259 690 3303 o.
708 3244 823 3303 tab.
847 3249 908 3305 1.
947 3243 1083 3302 ned.
1102 3263 1159 3304 et
1175 3246 1284 3303 Th.
1301 3245 1408 3302 Lo.
1426 3241 1571 3322 (tab.
1591 3243 1931 3320 splendida.)
2006 3213 2010 3216 >

404 3374 610 3452 Stirps
662 3375 903 3454 elegans
955 3386 1017 3433 et
1064 3375 1318 3453 insignis
1342 3416 1359 3446 ,
1424 3392 1560 3433 meo
1607 3373 1848 3452 quidem
1901 3372 2155 3443 iudicio,

294 3469 469 3526 nimis
529 3469 816 3528 audacter
871 3487 943 3527 ac
992 3471 1120 3528 sine
1171 3471 1372 3526 causis
1423 3464 1857 3543 sufficientibus
1894 3468 2054 3524 inter
2089 3471 2157 3526 R.

293 3549 667 3635 rubiginosae
704 3564 1027 3621 varietates
1076 3572 1420 3620 enumerata
1460 3560 1592 3618 fuit.
1673 3559 1891 3619 Cauli
1911 3578 1940 3617 s
1983 3560 2159 3635 prin-

293 3673 432 3731 ceps
471 3658 773 3715 cortice
809 3657 965 3716 laevi
1003 3656 1329 3734 glaucoque
1366 3652 1673 3723 obtectus,
1716 3653 2011 3710 aculeis
2049 3671 2159 3709 va-

290 3747 423 3806 lidis
442 3790 458 3819 ,
527 3750 905 3828 praelongis,
971 3743 1115 3808 fere
1138 3745 1633 3816 semuncialibus‚
1690 3747 1933 3803 omnino
1972 3748 2156 3804 rectis

290 3852 351 3901 et
385 3843 462 3900 ad
498 3844 785 3921 angulum
825 3855 1056 3903 rectum
1093 3839 1470 3921 patentibus,
1537 3859 1597 3898 v.
1641 3837 1892 3896 subinde
1929 3840 2158 3915 paulis-

290 3954 397 4010 per
447 3935 698 3995 deflexis
715 3979 731 4008 ,
800 3939 1046 3995 nonnisi
1099 3938 1372 4013 proxime
1431 3933 1508 3992 ad
1564 3933 1790 3990 caulem
1841 3931 2160 4010 subitoque

292 4028 354 4087 in
386 4028 561 4091 basin
598 4032 777 4111 longe
822 4026 1144 4110 elliptieam
1183 4027 1445 4090 dilatatis
1483 4037 1768 4103 armatus·
1849 4026 1897 4086 F
1915 4026 2070 4084 olio
2087 4026 2158 4084 la
