2669 4742
1587 241 1596 250 ‘
1676 243 1696 274 0

473 443 597 507 356
981 442 1148 506 XII.
1172 475 1177 478 -
1203 440 1815 507 ICOSANDRIA.

477 591 824 640 constanter
864 592 1107 657 septena
1148 593 1206 638 et
1245 582 1456 658 quina,
1499 581 1876 656 petiolulata‚
1919 580 2204 651 inodora,
2247 594 2342 639 te-

475 677 801 743 nuissima,
863 676 1013 733 facie
1053 676 1202 732 laete
1242 677 1532 746 virentia,
1587 675 1768 732 dorso
1807 694 1885 732 ex
1923 675 2132 752 glauco
2173 677 2345 733 cine-

448 759 611 838 ¹rea,
674 771 790 826 late
824 781 1030 837 ovata,
1091 771 1450 843 praesertim
1494 770 1555 824 in
1596 768 1762 826 caule
1802 771 2079 845 principe
2114 771 2192 827 ad
2229 789 2345 845 pa-

477 865 678 940 ginam
716 863 1011 920 dorsalem
1048 862 1328 918 aculeolis
1368 864 1646 946 minutiS,
1690 862 1937 931 albidis,
1982 860 2233 920 subinde
2277 865 2345 920 in

410 963 414 967 “
476 957 813 1033 glandulam
857 955 1216 1022 obsoletam,
1261 957 1569 1013 dumtaxat
1595 958 1738 1013 vitri
1765 958 2018 1014 acrioris
2045 975 2157 1033 ope
2193 974 2348 1014 con-

476 1052 745 1126 spicuam
781 1043 1224 1117 desinentibus,
1269 1061 1532 1118 costam,
1575 1067 1796 1106 nervos
1835 1050 2144 1118 laterales,
2188 1052 2349 1106 imo-

479 1162 591 1221 que
649 1145 830 1199 totius
885 1142 1119 1198 reticuli
1174 1133 1420 1198 venulas
1488 1142 1899 1201 obsidentibus
1950 1155 2343 1219 exasperata,

479 1237 801 1293 serraturis
822 1235 954 1291 ‘late
1005 1235 1506 1310 triangularibuS,
1582 1249 1790 1313 argute
1831 1240 2348 1300 acuminato-ser·-

475 1329 687 1387 rulatis
710 1370 727 1398 ,
791 1331 854 1384 in
896 1346 1146 1386 acumen
1183 1329 1652 1405 longiusculum,
1712 1328 2022 1401 filiforme,
2064 1331 2350 1407 glandula

476 1425 690 1498 exigua
728 1423 1108 1479 terminatum
1149 1421 1400 1498 abrupte
1434 1424 1786 1493 attenuatis,
1830 1425 1970 1481 hine
2012 1425 2152 1482 inde
2191 1443 2347 1502 vage

420 1511 421 1516 '
476 1516 878 1593 pilosiusculis
917 1516 1043 1572 fere
1089 1518 1584 1572 circumserrata:
1649 1518 1961 1574 terminale
1992 1517 2349 1580 lateralibus

479 1627 657 1686 saepe
693 1609 891 1666 minus
931 1620 990 1665 et
1031 1608 1496 1679 subobovatun13
1539 1628 1578 1685 p
1601 1610 1823 1666 etioli
1858 1611 2205 1680 aculeolati‚
2248 1614 2360 1688 pi-·

475 1704 624 1773 losi,
692 1721 802 1761 nec
861 1704 1214 1770 tomentosi3
1297 1703 1639 1784 stip-ulae
1694 1723 1976 1780 magnae,
2030 1723 2107 1761 ex
2145 1703 2351 1762 albido

476 1797 777 1866 virentes,
840 1797 979 1871 pilis
1038 1796 1463 1872 glanduligeris
1516 1793 1747 1853 crebris
1800 1794 2054 1854 ciliatae.
2135 1797 2354 1855 Rami

476 1888 731 1948 floriferi
749 1931 765 1959 ,
807 1900 1051 1964 praeter
1082 1889 1441 1964 petiolorum
1467 1889 1763 1945 aculeolos
1782 1932 1797 1959 ,
1841 1909 1963 1947 non
1989 1908 2133 1948 raro
2161 1910 2355 1968 pror-

476 2003 580 2043 sus
608 1985 912 2053 *inermem
968 2001 1096 2057 pro,
1123 1985 1360 2058 generis
1394 2001 1561 2040 more
1605 1983 1782 2040 modo
1820 1982 2099 2053 uniflori,
2165 1985 2355 2043 modo

476 2076 766 2156 corymbo
804 2073 1114 2136 5-4-ssoro
1155 2077 1478 2132 terminati.
1557 2076 1690 2133 Flo
1710 2094 1836 2133 res
1877 2078 2170 2152 speciosi;
2211 2097 2356 2155 pe,-

480 2170 800 2240 dunculi
848 2167 1215 2226 breviusculi
1238 2211 1252 2237 ,
1322 2168 1979 2250 glanduloso-hispidi.
2077 2172 2353 2230 Petala

477 2262 838 2331 obcordata,
893 2273 1158 2319 saturate
1190 2249 1417 2332 rosea,
1460 2265 1627 2319 venis
1669 2266 1903 2320 carneis
1942 2283 2158 2340 parum
2196 2284 2355 2322 con-

478 2358 704 2433 spicuis
743 2374 1090 2433 percursa,
1137 2356 1327 2429 styli
1367 2376 1514 2434 vage
1553 2357 1943 2432 pilosiusculi.
2026 2356 2355 2433 Calycis

476 2450 655 2508 tubus
689 2461 933 2518 ovatus,
988 2449 1237 2524 perinde
1279 2450 1979 2527 glanduloso-hispidus,
2033 2453 2353 2527 viscosum

479 2555 789 2621 segmenta,
816 2560 847 2599 e
873 2541 1006 2599 basi
1033 2543 1579 2601 ovato-lanceolata
1608 2545 1861 2610 linearia
1878 2587 1893 2614 ,
1937 2546 2169 2620 apicem
2207 2565 2357 2603 ver-

422 2640 433 2645 “
477 2656 580 2694 sus
619 2637 925 2712 paulisper
965 2635 1241 2692 dilatata:
1285 2655 1493 2693 eorum
1533 2645 1574 2702 2,
1601 2656 1657 2693 v.
1698 2642 1732 2696 5
1765 2635 2153 2713 pinnatifida‚
2195 2639 2354 2697 laci-

476 2731 632 2787 nulis
672 2730 916 2806 paucis,
980 2727 1329 2785 linearibus.
1409 2729 1781 2799 Fructus,
1841 2750 1991 2808 quos
2030 2751 2154 2790 non
2194 2733 2344 2805 vidi,

471 2826 755 2910 autoptae
803 2822 1010 2880 sedulo
1049 2823 1411 2898 investigare
1453 2823 1671 2880 velint!
1748 2824 1852 2895 (D.
1896 2823 1977 2900 s.)

541 2960 751 3007 Pulchra
797 2957 1157 3016 rarissimaque·
1190 2960 1337 3013 stirps
1393 2959 1631 3018 hucusque
1668 2956 1856 3006 nonnisi
1893 2962 1942 3005 in
1982 2975 2107 3022 pago
2131 2958 2354 3026 fribur-

612 3029 762 3092 gensi
776 3060 789 3084 ‚
830 3033 877 3073 et
900 3029 1092 3085 quidem
1106 3029 1256 3073 -unico
1283 3031 1389 3073 loco
1409 3061 1421 3083 ‚
1457 3030 1645 3074 seilicet
1664 3038 1808 3086 supra
1833 3028 2354 3085 Chdtel-sur-Mont-

610 3096 842 3151 salvem,
883 3097 962 3142 ubi
994 3111 1101 3141 eam
1138 3099 1320 3152 primus
1358 3112 1568 3144 omniunt
1597 3101 1801 3145 decanus
1838 3099 2083 3145 Dumna
2109 3101 2353 3146 observa-

611 3168 709 3220 vit,
737 3167 928 3210 inventa
958 3172 1048 3212 est.
1125 3167 1375 3221 specimen
1419 3168 1595 3213 ibidem
1631 3171 1806 3214 lectum
1849 3169 1965 3215 mihi
2003 3171 2348 3229 benignissime

615 3236 931 3291 suppeditavit
960 3235 1036 3280 Cl.
1065 3235 1245 3280 Lean.
1286 3261 1353 3279 —-
1390 3239 1466 3282 ΡΙ.
1504 3243 1706 3284 aestate.
1744 3239 1882 3284 Dent.
1929 3230 2010 3303 ’5.

579 3321 706 3369 Oas.
730 3324 771 3367 1.
819 3324 1002 3369 Vener.
1050 3324 1269 3367 inventor
1292 3355 1304 3377 ,
1362 3326 1410 3368 in
1448 3337 1593 3380 parva
1629 3338 1768 3385 quam
1807 3328 1954 3373 edidit
1982 3328 2221 3372 Rosarum
2257 3328 2349 3372 fri·

478 3394 787 3451 burgensium
817 3386 1194 3451 monographia,
1234 3393 1410 3438 hancce·
1441 3395 1646 3450 speciem
1683 3397 1751 3439 sic
1788 3395 2030 3442 definivit:
2073 3400 2131 3443 R.
2166 3398 2349 3456 germi-

478 3462 619 3507 nibus
653 3464 809 3527 ovatis
842 3463 1208 3519 pedunculisque
1247 3463 1487 3517 spinosis,
1529 3465 1768 3518 calycibus
1809 3468 2046 3521 pinnatis:
2099 3466 2257 3521 pinnis
2288 3467 2350 3510 li-

478 3532 730 3583 nearibus,
793 3531 1068 3591 pedunculis
1117 3529 1388 3586 (petiolis'?)
1435 3533 1619 3578 villosis
1667 3536 1921 3589 aculeatis,
1978 3536 2161 3583 foliolis
2199 3550 2349 3591 supra

477 3601 659 3658 glabris
690 3600 816 3647 infra
853 3600 1131 3653 spinnlosis.
1206 3600 1406 3654 Calyces
1447 3607 1498 3645 ut
1533 3608 1580 3648 et
1614 3604 1796 3647 fructus
1828 3606 2210 3661 pedunculosque
2249 3606 2349 3659 spi-

477 3683 623 3713 nosos
660 3667 914 3724 (hispidos)
944 3682 1050 3713 esse
1080 3670 1333 3725 observat3
1374 3675 1585 3716 ceterum
1616 3673 1824 3728 speciem
1853 3688 1989 3718 suam
2014 3659 2110 3719 ndu
2137 3675 2342 3718 ulterius

479 3737 727 3785 describit.
799 3739 1024 3782 Monente
1063 3739 1274 3783 amiciss.
1316 3739 1458 3793 Gur,
1498 3741 1558 3785 R.
1586 3735 1942 3802 spintholia,
1983 3744 2164 3802 absque
2200 3744 2348 3788 dubie

478 3820 504 3851 e
544 3820 665 3865 pago
681 3801 1015 3865 friburgensi
1046 3807 1275 3861 oriunda,
1315 3808 1548 3865 Parisiis,
1587 3810 1632 3853 in
1653 3810 1879 3857 basilicae
1905 3813 2349 3871 Luxemburgensis

478 3875 618 3919 horto
657 3889 762 3919 cum
799 3876 1059 3919 innumeris
1095 3877 1203 3929 aliis
1240 3877 1479 3932 Rosarum
1516 3880 1763 3934 speciebus
1810 3882 2214 3940 varietatibusque
2259 3884 2349 3926 im·

479 3948 656 3989 mutata
697 3946 889 3988 colitur.

582 4030 700 4079 ΟΜ.
732 4031 795 4076 11.
841 4031 895 4077 lt.
919 4028 1180 4094 glutinosa
1204 4018 1343 4080 Dein.
1379 4036 1710 4093 „germinibus
1735 4037 1956 4096 globos'm*
1976 4041 2348 4098 pedunculis-que
