2669 4742
812 426 905 488 x.
937 390 1538 496 mammas.
1980 413 2100 497 183

394 572 522 616 circa
572 567 827 618 Veronam
871 569 1072 627 lectam,
1131 572 1406 627 pedunculis
1452 572 1663 618 omnium
1714 571 2006 634 longissimis
2055 583 2102 622 et

391 640 595 686 floribus
630 640 772 695 paulo
801 639 1067 686 minoribus
1101 642 1405 699 conspicuam
1436 645 1621 687 mecum
1655 637 1858 705 benigne
1894 659 2102 693 commu-

304 718 313 727 ·
391 710 569 755 nicavit
604 709 681 755 Cl.
709 710 933 757 Srzrmo
969 712 1253 758 Monxcmn.
1293 736 1359 747 -—
1393 712 1470 790 ΓΙ.
1497 713 1650 758 Maio.
1685 704 1775 777 Θ.

369 834 543 890 1007.
587 827 938 889 Summanu
966 835 1178 901 glauca
1205 831 1395 889 With
1433 864 1492 874 —
1538 830 1628 889 St.
1657 832 1896 909 glauca,
1940 836 2105 894 caule

262 923 647 980 erectiusculo
664 965 679 992 ,
737 924 892 981 foliis
936 915 1525 980 lineari-lanceolatis
1563 923 1945 996 laevissimis,
1998 945 2105 1001 pe-

260 1016 527 1073 dunculis
568 1018 783 1073 erectis
801 1058 817 1085 ,
873 1017 1083 1092 petalis
1124 1016 1324 1089 calyce
1361 1017 1617 1092 trinervi
1654 1013 1833 1096 duplo
1869 1018 2103 1095 longio-

257 1107 440 1167 ribus·
523 1108 659 1185 (Sp
688 1113 745 1169 6.
791 1110 943 1210 Gall.
985 1116 1258 1168 Stellaire
1293 1108 1591 1185 glauque.)

321 1224 465 1293 Hag.
509 1222 596 1275 Fl.
633 1223 800 1277 Basil.
828 1228 881 1278 1.
925 1239 1049 1294 pag.
1090 1221 1219 1315 406.
1262 1220 1430 1301 (excl.
1470 1238 1533 1277 ut
1570 1239 1704 1297 puto
1743 1241 1865 1297 syn.
1909 1224 2100 1295 Hau..)

399 1297 609 1351 Clairv.
641 1298 966 1376 Man148?
1023 1321 1038 1328 1-

323 1440 516 1500 With.
547 1440 672 1493 Bot.
700 1441 813 1493 Arr.
836 1436 964 1497 420.
1005 1439 1126 1496 Ser.
1164 1444 1221 1491 in
1252 1438 2101 1512 Dec.1’rodr.1.p.397.n.25.

401 1513 587 1568 Smith
609 1515 751 1568 Brit.
764 1517 893 1573 475.
946 1514 1081 1569 Dec.
1113 1514 1189 1567 Fi.
1208 1518 1296 1567 Fr.
1322 1516 1490 1576 4458.
1556 1518 1644 1570 St.
1669 1518 1956 1585 palustris
1976 1519 2106 1569 Reiz
2166 1551 2169 1560 «

395 1588 597 1643 Prodr.
614 1590 714 1642 Ed.
731 1595 782 1643 2.
805 1598 862 1643 n.
885 1592 1013 1647 548.
1079 1592 1225 1642 Poir.
1260 1588 1395 1643 Enc.
1428 1596 1480 1647 7.
1506 1608 1561 1662 p.
1590 1592 1720 1649 418.
1772 1588 1983 1648 Willd.
2011 1590 2101 1664 Sp.

402 1664 489 1718 Pl.
517 1668 573 1718 2.
616 1682 671 1735 p.
700 1669 829 1721 712.
896 1669 987 1719 St.
1015 1670 1320 1730 graminea
1344 1666 1391 1741 β
1412 1664 1475 1718 L.
1507 1666 1603 1736 Sp.
1631 1664 1717 1719 Pl.
1745 1666 1878 1722 604.

326 1798 491 1871 Engl.
519 1799 651 1851 Bot.
668 1802 757 1854 12.
793 1796 905 1851 aab.
923 1802 1053 1856 325.

361 1925 590 1983 Habitu
640 1927 713 1984 ad
763 1928 1062 2001 priorem,
1131 1926 1589 1986 characteribus
1631 1927 1706 1984 ad
1764 1938 2105 2005 sequentem

257 2022 511 2095 speciem
553 2021 814 2089 accedit,
868 2032 935 2077 ut
972 2019 1145 2076 huius
1184 1999 1503 2077 varietates
1540 2025 1584 2094 β
1636 2032 1693 2077 et
1731 2044 1767 2099 y
1806 2024 2033 2078 cautius
2073 2043 2105 2078 a

254 2125 459 2170 nostra
516 2114 967 2189 distinguendae
1020 2114 1172 2181 sint3
1234 2133 1375 2169 nam
1424 2115 1580 2189 apud
1626 2134 1742 2170 nos
1793 2116 1960 2172 multi
2004 2135 2104 2172 eas

188 2228 195 2242 ,
255 2226 360 2282 pro
384 2213 477 2263 St.
502 2212 716 2277 glauca
757 2217 1155 2281 sumpserunt.
1194 2218 1275 2248 —·
1299 2205 1501 2262 Herba
1528 2218 1652 2262 tota
1680 2207 1848 2264 valde
1875 2208 2103 2284 glauca,

255 2319 440 2377 neque
496 2301 563 2355 in
611 2299 904 2356 herbariis
945 2300 1205 2360 colorem
1258 2300 1728 2362 caesium'facile
1778 2300 2102 2377 deponens.

256 2395 513 2451 Caulis
554 2394 815 2468 pedalis,
856 2396 1054 2450 rarius
1096 2395 1304 2464 altior,
1368 2405 1538 2449 acute
1577 2394 1972 2470 tetraqueter,
2014 2398 2108 2453 ri-

257 2488 420 2564 gidus
464 2499 523 2543 et
562 2487 826 2560 fragiIiS,
880 2486 1227 2564 plerumque
1265 2505 1479 2560 parum
1517 2505 1808 2543 ramosus,
1889 2488 2139 2544 Folia.

255 2579 865 2648 lineari-lanceolata,
910 2581 1130 2635 sensim
1177 2580 1544 2647 acuminata,
1586 2580 1853 2656 margine
1891 2580 2110 2637 laevis-

258 2675 432 2743 sima,
475 2672 864 2729 acutiuscula.
946 2672 1314 2729 Panicula
1359 2684 1427 2729 ut
1462 2673 1784 2747 plurimum
1819 2673 2104 2743 lateralis,

258 2767 352 2824 sed
391 2766 576 2823 culmi
603 2766 1049 2841 elongationem
1085 2765 1359 2823 foliosam
1391 2765 1564 2842 longe
1592 2784 1883 2842 superans
1901 2809 1917 2837 ,
1958 2786 2110 2841 pau-

258 2859 461 2916 ciflora
500 2878 832 2934 parumque
873 2857 1119 2927 diffusa,
1163 2859 1514 2942 pedunculis
1555 2854 1801 2929 erectis,
1859 2859 2108 2931 subinde

261 2955 496 3010 omnino
567 2953 852 3008 solitariis
873 2995 887 3020 ,
956 2954 1153 3009 rarius
1212 2954 1274 3008 in
1331 2953 1683 3027 paniculam¹
1727 2953 2109 3010 multiflorum

261 3046 695 3123 expansamque
754 3046 1081 3120 dispositis,
1184 3044 1556 3107 Bracteae
1617 3044 1864 3115 breveS,
1924 3048 2147 3119 latin--⁴

265 3141 485 3209 scalae,
549 3140 817 3215 margine
876 3142 1164 3198 scarioso.
1268 3138 1537 3196 Flores
1593 3139 1746 3210 albi,
1815 3143 2105 3215 speciosi,

264 3235 522 3290 maiores
567 3251 743 3309 quam
793 3233 1026 3302 inulla
1079 3233 1380 3308 sequentis
1433 3234 1738 3301 varietate.
1838 3234 2123 3307 Phylla.

265 3325 862 3392 lineari-lanceolata,
919 3327 1295 3395 acutissima,
1353 3338 1476 3383 tres
1514 3312 1703 3382 lineas
1752 3327 1962 3401 longa,
2017 3326 2111 3383 bi-

267 3423 508 3493 partita,
553 3420 757 3490 calyce
800 3418 978 3492 duplo
1015 3418 1308 3495 longiora.
1373 3420 1473 3492 (D.
1512 3419 1592 3491 S.)

328 3540 450 3582 Hah.
491 3539 550 3581 ad
588 3527 744 3581 fossa's
781 3538 826 3581 in
865 3539 971 3581 solo
1006 3538 1244 3596 pinguiori
1292 3541 1364 3584 vel
1402 3540 1662 3596 argillaceo
1695 3532 1969 3590 rarissim'a,
2027 3542 2112 3581 n‘ec
2164 3550 2177 3567 ⁶·

394 3609 517 3663 apud
568 3622 658 3651 nos
704 3608 795 3651 nisi
845 3607 893 3650 in
940 3610 1063 3666 pago
1105 3607 1379 3654 basileensi
1423 3609 1513 3652 rite
1564 3607 1834 3650 observata.
1908 3607 1998 3660 „In
2037 3607 2110 3650 M.

396 3678 621 3721 Muteto.
696 3677 749 3719 In
774 3678 963 3731 pascuis
991 3684 1140 3732 piope
1167 3673 1579 3744 ΙΛιιιςκεηὸιίιιςΙε.υ
1613 3677 1688 3720 Fi.
1716 3677 1864 3721 Basil.
1897 3677 1932 3719 1.
1961 3689 2003 3720 c.
2047 3698 2113 3709 —

396 3747 472 3789 ΡΙ.
516 3745 619 3788 lun.
658 3750 706 3789 et
743 3737 960 3808 1u1.2{..

364 3815 483 3858 Oss.
521 3814 745 3859 Plantam
776 3815 894 3858 hanc
929 3815 977 3858 in
1010 3816 1223 3859 Helvetia
1252 3826 1308 3870 pr
1313 3821 1537 3859 nveniam
1561 3817 1766 3859 nondum
1796 3815 1919 3871 igidi,
1960 3826 2111 3871 neque

274 3883 438 3928 habent
467 3885 618 3926 nostri
658 3884 961 3938 phytopolae.
1037 3884 1155 3927 Eam
1193 3886 1346 3941 itaque
1385 3899 1442 3929 ex
1474 3886 1550 3928 Cn.
1581 3885 1917 3928 Hionmmcmt
1955 3890 2115 3929 aucto-

273 3953 401 3996 ritate
451 3954 592 4000 inten
622 3956 749 3997 cives
799 3959 987 3996 nostras
1037 3955 1285 4007 admittens
1339 3956 1706 4010 descriptionem
1744 3946 1810 3997 'ad
1860 3954 2118 4007 specimina

273 4023 530 4076 germanica
565 4023 833 4079 gallicaque
873 4023 1071 4068 confeci.
1662 4012 1671 4019 l
