2669 4742
580 451 699 513 128
980 404 985 413 ’
1138 452 1231 514 x.
1275 402 1879 514 nmmum.-

573 602 692 647 tur.
797 589 1009 646 Folia
1050 589 1230 645 dense
1272 588 1619 659 imbricata,
1673 590 1935 658 minuta,
1989 588 2253 658 sessilia,
2307 588 2427 646 late

571 683 951 763 breviterque
1000 694 1249 739 cuneata
1267 724 1283 751 ,
1351 681 1614 739 obsolete
1662 682 2036 757 triplinervia
2053 724 2070 751 ,
2136 694 2428 760 quantum

571 777 776 833 videre
812 795 1057 852 possum
1088 778 1286 833 omnia
1312 774 1512 833 trifida
1529 818 1545 846 ,
1590 775 1881 852 glandulis
1909 777 2138 852 exiguis
2164 773 2423 854 consita,

570 889 761 947 neque
798 881 994 927 tamen
1040 869 1209 925 valde
1247 856 1518 939 viscosa,
1560 869 1776 944 pallide
1808 870 2083 926 virentia.
2145 869 2424 927 Caules

570 967 812 1021 omnino
850 963 1016 1019 nulli.
1096 962 1521 1019 Pedunculi
1558 981 1780 1037 paucas
1818 962 2006 1019 lineas
2044 963 2242 1039 longi,
2282 964 2424 1039 ple-

568 1076 815 1133 rumque
854 1055 1131 1124 unissori,
1191 1056 1373 1131 ligula
1410 1075 1538 1112 «una
1589 1055 1848 1112 alterave
1899 1046 2269 1132 longiuscula
2314 1057 2424 1112 in-

568 1164 735 1228 tegra
762 1151 980 1207 vestiti.
1062 1149 1331 1206 Flores
1360 1148 1797 1224 grandiusculi,
1841 1150 2213 1225 semisuperi.
2268 1149 2423 1207 Ca·-

566 1246 696 1320 lyx
752 1243 1014 1300 viscidus
1036 1285 1052 1311 ,
1121 1242 1345 1298 corolla
1394 1240 1670 1311 brevior,
1737 1244 2057 1318 segmentis
2105 1241 2419 1318 oblongis,

566 1338 816 1396 obtusis.
895 1335 1157 1394 Petala
1197 1334 1483 1412 oblonga,
1527 1336 1817 1412 ellipfica,
1860 1336 2138 1393 distantia
2177 1348 2236 1393 et
2278 1355 2419 1393 cum

567 1433 887 1510 segmentis
940 1430 1229 1503 calycinis
1267 1430 1656 1498 alternantia,
1718 1428 1944 1498 albida,
2001 1429 2182 1486 dorso
2218 1430 2420 1486 medio

563 1528 749 1584 fascia
827 1524 1141 1581 latiuscula
1216 1542 1520 1599 purpurea
1594 1524 1909 1599 insignita,
2000 1523 2374 1598 triplinervia
2396 1566 2416 1592 ,

563 1604 734 1677 nervi
772 1617 1017 1675 ramulis
1049 1614 1249 1673 rubris
1267 1658 1283 1685 ,
1326 1615 1723 1673 exterioribus
1763 1618 2193 1692 approximatis
2212 1658 2229 1685 ,
2283 1617 2419 1672 elli-

560 1716 719 1790 ptice
765 1708 1287 1788 convergentibuS.
1367 1708 1573 1782 styli
1620 1707 1960 1778 filiformes,
2019 1708 2415 1786 longiusculi,

564 1809 917 1883 stigmate
958 1802 1336 1872 subclavato,
1376 1801 1759 1877 pubescente.
1840 1803 1941 1879 (D.
1970 1802 2052 1878 s.)

630 1929 683 1971 In
714 1928 792 1971 via
818 1926 1076 1982 praecipite
1116 1921 1403 1969 Grandvz‘re
1441 1934 1590 1977 prope
1628 1923 1701 1966 M.
1737 1920 1905 1982 Fouty
1939 1922 2118 1968 invenit
2150 1923 2422 1967 solertissi-

698 2010 803 2040 mus
837 1998 986 2041 Pan..
1026 1996 1255 2039 Tannus.
1341 1991 1396 2034 ln
1432 1992 1628 2035 summis
1668 1991 1860 2045 Alpium
1899 1990 2281 2038 Glaronensitms
2329 2006 2419 2036 ru..

697 2065 837 2121 pibus
872 2068 931 2110 ad
967 2057 1306 2109 8000-8600
1332 2073 1380 2116 p.
1410 2073 1452 2104 s.
1480 2073 1547 2104 m.
1621 2060 1697 2105 Cl.
1726 2056 2196 2105 Heczrsca'wmux.
2224 2083 2293 2095 —
2329 2061 2416 2106 m.

696 2135 789 2179 lul.
827 2139 875 2178 et
909 2137 1029 2192 Aug.
1068 2124 1156 2196 2¹..

664 2220 783 2266 Oas.
810 2222 851 2265 1.
900 2221 1118 2265 Plantam
1152 2220 1267 2264 mihi
1301 2221 1511 2264 nondum
1545 2219 1663 2263 satis
1700 2220 1965 2279 cognitam,
2004 2231 2091 2264 nec
2126 2218 2229 2262 nisi
2255 2219 2416 2264 exsic-

562 2296 712 2336 catam
747 2292 928 2344 visam,
986 2293 1260 2339 cunctanter
1295 2290 1522 2345 proposui
1560 2303 1709 2347 neque
1745 2290 1792 2334 in
1832 2294 1928 2333 tam
1962 2289 2183 2332 intricata
2216 2289 2417 2347 generis

560 2361 770 2406 sectione
817 2362 1039 2405 adserere
1088 2360 1240 2403 aus'im
1274 2359 1333 2404 ab
1372 2359 1592 2404 omnibus
1634 2358 1980 2419 congeneribus
2026 2358 2142 2403 satis
2192 2358 2415 2405 differre·

560 2432 727 2475 Denuo
775 2432 930 2489 itaque
980 2430 1025 2473 in
1075 2430 1218 2474 natali
1261 2431 1370 2474 loco
1408 2431 1671 2489 indaganda
1707 2435 1753 2474 et
1786 2430 1834 2472 in
1871 2420 2023 2472 bortis
2059 2429 2257 2474 colenda
2291 2427 2414 2474 erit.
2475 2464 2480 2469 .

511 2536 515 2541 .
559 2501 680 2544 Eam
715 2515 864 2556 nuper
900 2514 1006 2545 cum
1029 2497 1084 2546 S.
1106 2500 1391 2559 caespitosa
1415 2501 1658 2544 coniunxit
1681 2499 1756 2544 (Ἡ.
1778 2499 2252 2544 naonscawmmn.
2314 2499 2415 2543 Sed

559 2572 731 2633 petalis
778 2570 998 2615 discretis
1046 2568 1309 2625 albidisque
1357 2569 1416 2612 ab
1464 2584 1520 2613 ea
1566 2569 1722 2624 specie
1759 2569 1930 2613 eximie
1966 2568 2162 2613 differre
2198 2569 2411 2612 videtur.

557 2641 797 2684 Maiorem
833 2654 946 2684 sane
982 2638 1258 2682 affinitatem
1294 2652 1402 2681 cum
1434 2638 1490 2686 S.
1517 2637 1771 2684 museoide
1805 2637 2037 2692 ostendit,
2076 2651 2276 2694 quacum
2312 2651 2413 2681 non

558 2715 740 2754 tantum
774 2709 967 2754 acautis
1003 2712 1194 2761 nostra,
1234 2709 1317 2751 sed
1352 2709 1539 2752 striata
1574 2712 1712 2764 atque
1738 2713 2127 2767 atro-purpurea
2151 2708 2270 2764 bene
2295 2721 2414 2751 eon-

558 2779 692 2838 iungi,
724 2783 934 2834 possent.
1007 2778 1188 2820 Eadem
1224 2771 1326 2834 le'ge
1364 2776 1741 2830 intermediam,
1781 2782 2038 2820 exaratam
2074 2782 2122 2822 et
2148 2777 2415 2838 caespita-

558 2861 674 2894 sam*
699 2848 1004 2906 sagacissime
1040 2846 1330 2890 consociavit
1365 2845 1441 2889 Cl.
1481 2845 1956 2889 neovr‘scnwmnzn.
2029 2845 2121 2890 Sed
2156 2846 2213 2893 S.
2246 2845 2417 2907 pede-

558 2924 817 2971 montana,
857 2930 997 2973 quani
1034 2916 1176 2959 etiam
1212 2915 1269 2957 ad
1305 2915 1638 2973 caespite-sam
1662 2915 1842 2968 refert,
1882 2918 1982 2958 toto
2007 2917 2142 2959 coelo
2165 2915 2228 2958 ab
2253 2915 2412 2958 omni-

559 2987 649 3030 bus
686 2987 788 3030 eius
823 2986 994 3029 formis
1029 2985 1205 3028 differt.
1297 2982 1523 3028 Ceterum
1558 2985 1647 3028 Vir
1684 2984 2081 3028 honoratissimus
2117 2985 2290 3028 hancce
2327 2999 2411 3029 re-
2442 3015 2451 3018 ι

557 3056 894 3099 formationem
945 3055 1106 3098 multis
1158 3053 1467 3116 repetitisque
1522 3053 1935 3097 observationibus
1980 3053 2130 3099 fretus
2175 3055 2407 3109 suscepit.

559 3126 697 3179 „Hae
734 3124 968 3178 omnes’',
1006 3124 1186 3180 inquit,
1226 3123 1380 3176 „nihil
1416 3123 1508 3169 nisi
1545 3123 1858 3183 caespitosae
1892 3123 2146 3167 varietates
2183 3119 2319 3177 sunt,
2360 3128 2413 3168 et

557 3195 719 3250 plures
748 3194 896 3239 adhuc
920 3195 969 3237 in
988 3193 1185 3249 Alpibus
1213 3193 1543 3238 intermediae
1565 3194 1730 3236 latent.
1759 3217 1824 3226 —
1850 3216 1914 3226 —
1950 3193 2197 3239 Plantulae
2234 3193 2414 3236 eius·

559 3265 688 3308 dem
726 3263 1039 3318 caespitis
1075 3263 1288 3308 diversae
1326 3266 1464 3316 sunt,
1504 3267 1645 3317 prout
1677 3264 1830 3320 magis
1867 3262 1911 3305 in
1946 3262 2052 3305 loco
2077 3262 2304 3318 umbroso
2329 3265 2412 3307 vel

558 3335 753 3389 aprico,
803 3323 991 3377 madido
1031 3334 1101 3377 vel
1140 3333 1265 3376 sicco
1303 3332 1603 3385 proveniunt.
1686 3330 1802 3389 Legi
1841 3333 2097 3385 specimina
2133 3333 2264 3375 caule
2303 3332 2411 3375 uni-

556 3403 710 3458 floro,
746 3402 867 3448 flore
902 3404 980 3446 vix
1016 3403 1156 3457 duplo
1192 3402 1440 3459 longiore,
1489 3399 1668 3443 rosulis
1702 3401 1929 3444 foliorum
1965 3401 2259 3446 brevissimis
2313 3402 2413 3457 (to-

554 3472 637 3516 liis
675 3503 689 3517 .
731 3503 745 3517 .
787 3503 801 3517 .
842 3472 1061 3516 omnibus
1098 3463 1227 3516 arcte
1258 3468 1572 3525 imbricatis),
1611 3476 1750 3526 atque
1786 3471 1879 3516 alia
1915 3472 2047 3515 caule
2089 3468 2326 3514 6-8·floro
2361 3476 2413 3515 et

557 3543 831 3597 semipedali
878 3541 1011 3596 fere,
1067 3542 1214 3584 ramis
1262 3540 1506 3584 sterilibus
1555 3539 1799 3594 (surculis)
1848 3540 2055 3594 copiosis
2103 3545 2151 3583 et
2181 3540 2408 3595 foliosis,

555 3612 688 3656 foliis
725 3611 945 3655 omnibus
982 3610 1291 3664 distantibus,
1332 3615 1381 3653 et
1414 3610 1538 3653 inter
1575 3609 1662 3651 hos
1698 3614 1938 3653 extremos
1976 3611 2149 3656 limites
2185 3623 2411 3668 magnam

555 3679 820 3725 formarum
856 3681 1247 3725 intermediarum
1282 3675 1496 3742 qopiam,
1536 3691 1651 3734 quas
1688 3680 1734 3721 in
1771 3678 1960 3733 Alpium
1995 3679 2202 3735 scopulis
2227 3681 2414 3725 exami-

557 3757 694 3794 natas
742 3764 978 3807 nunquam
1012 3750 1226 3794 diversas
1263 3747 1446 3803 species
1483 3746 1764 3791 salutabis.''

661 3837 778 3883 Ons.
807 3838 873 3882 ΙΙ.
910 3831 1221 3898 Satist-agae
1255 3836 1416 3893 itaque
1454 3839 1647 3879 nostrae
1682 3834 1812 3879 foliis
1848 3838 2034 3892 partitis
2070 3837 2195 3881 inter
2224 3837 2413 3893 species

556 3913 807 3964 sequentes
834 3906 1082 3965 ’dispertiri
1118 3910 1344 3961 possunt:

629 3978 669 4022 1.
709 3977 879 4021 Flores
916 3975 1069 4033 nivei3
1108 3976 1293 4030 plantae
1332 3975 1703 4021 viscosissimae.

763 4045 815 4095 S.
851 4043 1219 4105 tridaceylites.
1291 4042 1349 4093 S.
1381 4050 1610 4106 petraea.
1685 4044 1744 4096 S.
1776 4045 2157 4107 pedemontana.
