2669 4742
415 414 536 481 468
889 412 1094 477 XIII.
1142 412 1797 521 POLYANDRIA.

413 563 518 610 solo
556 559 820 617 ceterisque
852 558 1074 603 omnibus
1106 559 1302 616 paribus
1331 561 1523 606 easdem
1545 560 1729 605 formas
1758 561 1877 606 satis
1902 567 2176 608 constanter
2204 577 2283 608 re·

411 628 574 687 ferre}
613 631 719 673 solo
744 634 931 684 autem,
971 631 1219 674 altitudine
1245 631 1449 689 aliisque
1477 631 1827 675 conditionibus
1852 634 2074 687 mutatis,
2116 636 2286 680 eadem

412 701 582 748 tubera
618 704 778 743 terrae
822 700 1081 743 commissa
1118 699 1302 747 formas
1338 700 1657 745 alienissimas
1693 702 1924 759 gignet-(23
1964 704 2009 746 in
2036 703 2190 746 hortis
2226 714 2287 746 ex

414 768 661 818 tuberibus
703 769 980 823 spontaneis
1017 769 1201 812 formas
1239 783 1409 813 rursus
1445 771 1641 815 omnino
1679 785 1825 815 novas
1851 775 2042 827 enasci3
2081 773 2286 829 denique

412 841 593 886 semina
623 839 813 895 quidem
839 839 886 882 in
919 839 1092 893 plantis
1114 839 1362 883 tuberibus
1392 840 1549 883 minus
1577 840 1949 896 luxuriantibus,
1986 855 2282 900 quarumque

411 909 591 955 racemi
623 909 744 951 haud
771 908 912 951 nimis
939 909 1072 952 densi
1099 913 1234 963 sunt,
1273 909 1452 954 fertilia
1479 922 1583 954 esse
1609 924 1760 967 neque
1794 909 1983 955 difficile
2016 913 2072 954 ad
2103 911 2288 971 germi-

411 980 655 1026 nationem
681 979 962 1032 pervenire,
1021 979 1103 1021 sed
1142 992 1308 1022 omnes
1354 980 1587 1033 plantulas
1623 981 1731 1023 inde
1771 985 1964 1035 enatas,
2004 982 2096 1025 nisi
2125 982 2287 1024 solum

411 1051 585 1095 nudum
610 1061 759 1104 neque
785 1046 1036 1092 herbidum
1067 1048 1433 1102 nanciscantur,
1472 1049 1568 1093 cito
1598 1050 1817 1096 interire.
1892 1053 1997 1096 Ac.
2028 1049 2288 1109 Napellus

411 1114 565 1177 magis
603 1130 743 1174 quam
779 1116 1088 1162 Gemmarum
1121 1117 1180 1160 L.
1211 1118 1391 1172 variat,
1432 1120 1542 1175 quia
1577 1119 1698 1162 haud
1724 1133 1861 1163 secus
1892 1123 1939 1163 in
1971 1122 2171 1164 summis
2202 1121 2286 1162 Al-

409 1190 549 1246 pibus
587 1201 642 1231 ac
677 1187 726 1230 iu
763 1186 965 1230 vallibus
993 1188 1236 1240 depressis
1263 1187 1526 1242 subalpinis
1558 1189 1853 1232 montanisve
1886 1191 2132 1244 provenit,
2173 1190 2286 1231 dum

417 1259 729 1306 Gemmarum
768 1257 974 1299 mediam
1006 1260 1183 1298 tantum
1213 1254 1414 1312 Alpium*
1442 1258 1689 1315 regionem
1734 1257 1933 1303 obtinet.
2011 1259 2075 1301 lis
2112 1258 2284 1301 obser-

411 1325 679 1372 vationibus
720 1324 905 1378 fretus,
958 1331 1125 1368 auctor
1167 1326 1352 1369 formas
1395 1336 1587 1370 nostras
1622 1328 1879 1372 helveticas
1922 1340 2120 1383 omnes,
2161 1342 2284 1384 quae

412 1399 522 1442 VV.
553 1395 628 1439 Cl.
652 1395 1060 1438 szcuzxnncmo
1081 1400 1127 1439 et
1148 1397 1495 1440 Senmucuzno
1519 1397 1621 1441 fere
1655 1396 1897 1441 ducentas
1925 1400 2110 1452 species
2140 1411 2284 1452 prae-

412 1467 647 1520 buerunt,
687 1466 746 1508 ad
776 1463 887 1508 illas
917 1471 1119 1522 quatuor
1145 1467 1321 1521 stirpes
1348 1466 1617 1520 principes,
1658 1466 1753 1509 iam
1783 1480 1809 1508 a
1841 1480 2027 1510 summo
2057 1467 2286 1510 Lus-luzo

409 1540 639 1590 statutas,
678 1532 787 1580 Ae.
815 1547 981 1589 nempe
1008 1535 1346 1594 Lyn-octonum
1365 1566 1378 1588 ,
1420 1535 1706 1580 Anthoram
1724 1567 1735 1588 ,
1779 1535 2047 1595 It'apellum
2069 1541 2117 1579 et
2139 1535 2284 1581 Cam-

411 1618 601 1652 marum
619 1634 632 1658 ,
674 1608 724 1649 ut
748 1605 864 1647 mihi
891 1605 1063 1648 saltem
1095 1604 1281 1647 videtur
1299 1636 1312 1658 ,
1352 1605 1630 1649 felicissime
1655 1607 1861 1648 reduxit.
1920 1605 2147 1649 Ceterum
2171 1605 2285 1649 Να-

406 1673 540 1738 pelli
562 1673 819 1718 varietates
850 1684 1001 1728 paene*
1024 1674 1298 1718 innumeras
1324 1674 1373 1717 in
1403 1679 1502 1718 tres
1529 1674 1766 1718 sectiones
1787 1676 2063 1728 praecipuas
2084 1675 2251 1717 dividit
2272 1686 2283 1718 z

413 1758 578 1792 earum
607 1744 763 1799 prima
799 1746 839 1786 Α
880 1741 1084 1804 alpina,
1125 1744 1269 1787 dense
1307 1758 1558 1788 racemosa
1593 1743 1902 1799 (suspicata),
1941 1743 2170 1786 foliorum
2213 1745 2285 1786 la-

414 1815 553 1860 ciniis
580 1814 793 1873 angustis
819 1812 1077 1866 brevibus,
1117 1814 1326 1857 secunda
1366 1813 1406 1856 B
1431 1812 1725 1872 subalpina,
1766 1815 1920 1868 elata,
1960 1827 2154 1857 racemo
2179 1813 2289 1856 basi

412 1897 610 1930 ramoso
633 1914 647 1938 ,
684 1883 914 1927 foliorum
939 1882 1124 1926 laciniis
1151 1882 1414 1941 elongatis,
1456 1887 1503 1925 et
1527 1883 1666 1926 tertia
1715 1882 1751 1924 C
1791 1890 2049 1935 momana,
2088 1896 2289 1926 racemo

415 1956 636 2012 elongato
675 1953 924 1997 laxissime
959 1952 1145 1996 inferne
1178 1952 1494 2006 subramoso,
1535 1950 1718 1995 corolla
1741 1952 1889 1996 dilute
1920 1953 2169 2004 caerulea,
2210 1952 2289 1995 fo-

417 2025 595 2069 liorum
633 2022 818 2067 laciniis
855 2020 1144 2083 abbreviatis
1182 2021 1230 2065 in
1267 2021 1437 2065 orbem
1464 2021 1739 2075 dispositis,
1780 2023 2180 2076 complectuntur.

517 2109 637 2154 Ons.
675 2111 742 2154 11.
782 2108 1062 2153 Aconitum
1098 2108 1214 2151 mihi
1252 2110 1547 2167 incognitum
1575 2105 1852 2163 3-4-pedale
1888 2110 2012 2152 inter
2040 2106 2292 2154 W'allen·

414 2178 552 2225 stade
584 2183 633 2222 et
660 2179 884 2238 Sargans
921 2190 1060 2221 secus
1102 2178 1229 2220 viam
1262 2179 1447 2236 regiam
1483 2177 1709 2243 frequens
1740 2178 1815 2221 bis
1843 2178 2109 2223 observavi.
2184 2179 2289 2221 Per

415 2249 632 2295 ultimam
668 2243 776 2291 Iulii
808 2246 1151 2290 hebdomadem
1184 2246 1331 2289 fiores
1370 2247 1521 2290 adhuc
1559 2252 1653 2290 tam
1686 2248 1817 2302 parvi
1844 2252 2007 2303 erant,
2049 2252 2100 2290 ut
2121 2252 2287 2301 partes

413 2320 641 2376 colorque
678 2329 846 2362 eorum
877 2330 1172 2374 nequaquam
1197 2317 1423 2376 distingui
1449 2322 1671 2371 possent,
1714 2322 1761 2361 et
1784 2318 1886 2360 sine
1919 2318 2062 2361 dubio
2088 2317 2289 2371 pulchra

416 2390 574 2445 planta
609 2388 690 2432 vix
719 2386 911 2431 finiente
937 2387 1153 2445 Augusto
1181 2392 1262 2429 aut
1291 2386 1546 2441 incipiente
1572 2387 1841 2441 Septembri
1874 2388 2114 2432 floruerit.
2189 2383 2287 2429 Ha-

414 2458 516 2502 bitu
546 2463 675 2503 certe
711 2470 820 2501 cum
863 2456 1084 2515 Napello
1121 2456 1371 2511 convenit,
1429 2461 1475 2500 et
1505 2458 1561 2499 ad
1590 2470 1693 2500 eam
1726 2456 1939 2511 speciem
1970 2457 2147 2514 absque
2171 2458 2288 2499 hae-

417 2529 640 2573 sitatione
677 2527 830 2572 refert
864 2526 1075 2569 amiciss.
1109 2527 1326 2569 Senmet.
1346 2557 1359 2581 ,
1395 2526 1476 2583 qui
1498 2526 1625 2570 inter
1650 2527 1833 2580 plantas
1859 2541 1989 2570 meas
2013 2528 2149 2569 vidit.
2189 2528 2290 2570 Ve-

414 2611 523 2641 rum
579 2602 793 2652 tempore
835 2595 1037 2639 florendi
1083 2595 1368 2649 praesertim
1414 2596 1462 2638 in
1497 2597 1617 2639 valle
1655 2597 1880 2649 depressa
1907 2597 2207 2639 alienissimo
2241 2600 2293 2638 et

414 2668 572 2710 forma
601 2667 828 2711 foliorum
857 2666 974 2709 satis
1008 2663 1210 2722 insigni,
1251 2666 1479 2709 recedere
1514 2665 1721 2709 videtur.
1795 2666 1977 2708 Horum
2010 2679 2178 2720 nempe
2214 2666 2290 2706 fo-

354 2749 357 2752 *
417 2738 593 2780 liorum
641 2735 924 2792 partitiones
971 2735 1201 2778 latissime
1248 2740 1502 2789 cuneatae,
1553 2735 2005 2789 palmato-lobatae,
2065 2740 2112 2779 et
2153 2734 2292 2789 apice

328 2793 339 2796 Ἰ
398 2807 590 2850 ἱἰὶιειηιιιι
619 2806 797 2849 incisae
829 2809 957 2847 sunt.
1035 2803 1118 2847 Lis
1144 2805 1263 2846 adeo
1289 2804 1379 2847 sub
1408 2805 1561 2847 iudice
1589 2804 1698 2858 erit,
1727 2805 1875 2849 donec
1894 2805 2100 2848 botanici
2126 2804 2292 2861 singu-

414 2876 569 2920 larem
593 2875 792 2929 stirpem
822 2874 871 2917 in
898 2875 1005 2916 loco
1035 2874 1177 2916 natali
1213 2878 1425 2928 tempore
1458 2878 1568 2928 apto
1600 2873 1860 2918 observare
1892 2873 2099 2929 possint.

523 2961 643 3005 Ons.
685 2962 772 3007 111.
831 2961 1040 3014 „Flores
1076 2960 1332 3004 inferiores
1370 2959 1586 3017 Napelti
1621 2974 1813 3016 semper
1846 2961 1945 3007 fere
1971 2962 2180 3018 primum
2204 2962 2294 3005 flo-

416 3036 558 3086 rent,
605 3029 856 3077 Cammari
890 3030 1154 3085 supremi.'’
1191 3031 1317 3074 Huc.
1344 3030 1516 3074 Reisen
1547 3044 1597 3086 p.
1632 3028 1748 3076 162.

419 3172 561 3213 ὕφ’,
600 3178 796 3230 Flore-3
833 3177 1081 3228 caerulei
1121 3196 1182 3231 v.
1226 3178 1349 3228 albi
1370 3216 1388 3244 ,
1429 3177 1895 3248 slebpentagyni,
1938 3181 2300 3246 Stcbpanz'cu-

571 3253 704 3306 latit.
778 3252 944 3303 Folia
985 3255 1302 3317 tripartita
1319 3274 1338 3303 .·
1376 3256 1797 3319 particionibus
1840 3258 1964 3306 late
2002 3259 2290 3318 cuneati-t,

530 3341 541 3348 “
577 3328 813 3379 laciniis
851 3328 1216 3379 lanceolatis.
1294 3326 1481 3377 Galea
1519 3327 1821 3393 elongata.

546 3438 912 3492 Gammarum
927 3432 987 3509 θ)
1027 3434 1173 3492 Dec.
1242 3436 1317 3492 V.
1347 3434 1499 3511 Heg.
1528 3435 1747 3492 Reisen
1772 3434 1875 3511 fig.
1904 3441 1979 3495 58
2007 3447 2062 3492 et
2090 3440 2186 3496 52.

548 3552 716 3609 1218.
759 3547 1083 3603 Acom'rnm
1107 3551 1504 3603 intermedium
1537 3548 1684 3603 Dec.
1723 3579 1784 3590 —
1830 3548 1942 3605 Ac.
1978 3550 2094 3605 tri-
2126 3551 2309 3625 quin-

440 3659 818 3719 quegynum,
862 3641 972 3696 alis
1013 3641 1230 3697 ciliatis
1271 3642 1431 3696 intus
1470 3641 1906 3715 pilosiusculis,
1950 3642 2116 3717 galea
2157 3662 2311 3699 con-

441 3751 2310 3796 ———————-—.——-—5.

537 3806 578 3862 ⁶)
613 3808 819 3853 Formae
845 3814 1117 3864 sequentes,
1146 3823 1269 3865 quae
1293 3810 1341 3852 in
1366 3810 1566 3865 Alpibus
1593 3805 1771 3856 nostris
1792 3814 1909 3856 satis
1931 3791 2205 3860 constantes
2225 3816 2308 3858 de-

435 3877 789 3933 prehenduntur
805 3908 818 3930 ‚
859 3877 1039 3933 absque
1072 3877 1213 3921 dubio
1238 3880 1306 3928 adv
1329 3880 1434 3925 Ac.
1469 3879 1781 3926 Gemmarum
1800 3881 1859 3924 L.
1889 3885 2053 3926 omnes
2073 3889 2310 3937 spectant,

436 3958 609 4001 easque
627 3976 640 4000 ,
683 3951 732 3990 ut
761 3948 976 4002 videtur,
1016 3948 1190 3991 merito
1223 3961 1329 3993 cum
1362 3962 1421 3993 eo
1447 3950 1693 4000 coniunxit
1718 3950 1794 3994 Cl.
1822 3952 2308 3997 Hzczrscnwunu.

432 4014 499 4059 V.
529 4014 634 4059 obs.
664 4014 728 4059 u.
757 4017 815 4060 ad
843 4016 947 4062 Ac.
972 4011 1264 4083 Napellum.
2338 4024 2345 4031 '
