2669 4742
471 412 594 476 248
1036 408 1128 472 x.
1174 405 1759 494 nEcANDfflA.

471 551 611 608 lam
639 548 1133 622 „cylindraceann
1163 547 1366 621 calyce
1380 548 1732 623 longiorem,
1758 547 2098 603 incurvam''
2123 546 2329 604 Saura

471 643 732 702 nondum
772 642 912 708 v-idj.
993 640 1093 716 (D.
1137 641 1217 715 S.)

581 758 646 834 β.
691 754 965 839 caules
1006 755 1270 811 iuniores
1299 751 1754 820 decumbentes,
1796 751 2048 810 floriferi
2075 755 2331 813 erectiu-

471 849 651 915 sculi,
721 850 889 922 apice
915 845 1253 915 ,bimi-cati,
1321 849 1521 903 rarius
1575 846 1908 904 dichotome
1964 847 2323 920 paniculati,

468 944 602 1017 pilis
643 942 904 999 eiusdem
943 951 1153 997 natura
1179 981 1196 1009 ,
1253 952 1316 996 ut
1354 943 1414 996 in
1456 959 1582 996 var.
1625 942 1846 1015 priori,
1910 926 2175 1008 crebris„
2218 960 2328 1014 pa-

467 1033 759 1102 tentibus,
821 1033 1091 1109 implexis
1143 1034 1348 1091 lanati.
1428 1033 1645 1089 Folia
1699 1034 1977 1111 lanugine
2022 1032 2326 1091 albissima

435 1130 925 1206 'mollissintaque
966 1116 1327 1202 conspersa,
1396 1127 1571 1184 modo
1625 1125 1833 1183 subtus
1874 1128 2327 1184 niveo-tomen-

466 1235 631 1290 tosa,
674 1222 850 1278 modo
890 1216 1168 1297 utrinque
1209 1220 1456 1289 viridia,
1521 1220 1753 1276 demum
1790 1220 1922 1295 plus
1965 1223 2159 1277 minus
2200 1220 2326 1276 cal-

463 1317 797 1381 vescentia:
859 1312 1061 1371 infima
1110 1326 1167 1370 et
1219 1314 1597 1370 surculorum
1647 1314 1947 1372 sterilium
1985 1316 2101 1370 late
2148 1326 2325 1370 ovata

465 1430 523 1465 v.
556 1407 956 1465 subrotunda=
999 1407 1232 1466 caulina
1255 1408 1453 1486 potius
1476 1408 1744 1482 elongata
1763 1451 1776 1474 ,
1821 1409 1882 1463 in
1904 1408 2101 1483 planta
2123 1407 2321 1463 adulta

463 1515 662 1559 tamen
701 1502 1052 1560 internodiis
1090 1500 1273 1559 multo
1313 1500 1624 1560 breviora:
1666 1501 1948 1558 radicalia
1990 1504 2051 1558 in
2083 1502 2322 1558 rosulas

459 1598 748 1653 informes
790 1607 1128 1671 aggregata.
1211 1595 1637 1651 Pedunculi
1675 1595 1922 1669 perinde
1950 1595 2317 1661 terminaleS,

461 1690 808 1767 plerumque
847 1690 1002 1756 duo,
1063 1689 1473 1764 divergenteS‚
1530 1688 1819 1763 elongati,
1880 1688 2060 1745 dense
2095 1689 2315 1747 lanati:

461 1783 748 1840 alteruter
804 1784 1033 1842 inferne
1089 1781 1356 1841 bracteis
1414 1780 1640 1840 duabus
1681 1783 1872 1838 ovatis
1916 1780 2319 1858 brevibusque

464 1876 721 1946 suffulti3
763 1878 826 1933 in
864 1875 1129 1933 caulibus
1168 1874 1444 1932 unissoris
1485 1874 1759 1932 bracteae
1793 1875 2023 1932 desunt.
2106 1875 2321 1951 Speci-

460 1974 621 2045 mina
672 1972 1035 2045 panicula
1094 1971 1343 2027 trifurca
1397 1967 1702 2029 5-6-ssora
1766 1970 2117 2045 quandoque
2168 1970 2313 2026 vidi.

405 2128 408 2139 ,
464 2065 700 2137 Calyx
735 2063 1002 2137 lanatus,
1063 2064 1352 2139 phyllis
1390 2060 1686 2129 robustis,
1740 2062 2117 2130 lanceolatis,
2172 2082 2318 2121 acu-

461 2157 754 2213 tiusculis.
860 2157 1122 2212 Petala
1188 2156 1479 2230 profunde
1537 2157 1933 2230 emarginata,
1998 2160 2314 2231 contigua,

463 2250 667 2322 calyce
708 2248 886 2322 duplo
926 2249 1219 2324 longiora.
1300 2249 1632 2323 Capsula
1685 2249 2046 2320 cylindrica,
2113 2260 2314 2317 recta,

464 2343 729 2416 calycem
767 2361 1093 2417 superans,
1157 2340 1584 2399 seminibus
1626 2344 1887 2420 magniS,
1942 2343 2167 2412 rutiliS,
2224 2343 2321 2400 di·-

461 2440 677 2496 stincte
717 2437 1121 2529 tuberculatiS.
1191 2435 1302 2516 ⁸(D.
1349 2436 1428 2513 s.)

529 2591 650 2638 aab.
698 2592 746 2635 in
783 2590 1012 2647 Alpibus,
1070 2590 1371 2646 potissimum
1416 2589 1755 2644 orientalibus,
1820 2592 2048 2645 „minime
2095 2590 2319 2635 rarum.”

596 2662 816 2706 Rauen.
889 2660 1048 2706 Etiam
1095 2662 1142 2703 in
1189 2658 1431 2719 montibus
1468 2658 1686 2706 iuranisx
1740 2674 1805 2705 au
1839 2659 1958 2716 baut
1987 2660 2050 2707 de
2084 2659 2135 2705 la
2169 2659 2319 2704 char-

596 2727 735 2775 ribre
759 2744 944 2784 nenive,
981 2744 1046 2773 au
1065 2727 1205 2774 droit
1227 2727 1290 2773 de
1317 2728 1498 2773 neuun.
1558 2728 1833 2774 Gaui-enum.
1907 2731 1958 2774 ln
1984 2735 2146 2774 monte
2171 2728 2318 2773 rhae-

595 2800 701 2844 tico
737 2797 1082 2859 Susa-plana.
1155 2797 1380 2841 Amiciss.
1419 2796 1631 2842 Roescu.
1727 2798 1776 2841 ln
1830 2800 1900 2843 Μ.
1945 2796 2225 2846 Seeck-horn
2268 2802 2319 2841 et

599 2867 816 2912 Gemmi.
889 2867 1112 2918 Amiciss.
1167 2868 1401 2911 Sumen.
1494 2866 1586 2918 „in
1632 2868 1831 2923 Alpibus
1882 2870 2019 2923 paulo
2060 2866 2318 2911 altioribus

597 2950 855 2993 earumque
885 2937 1081 2993 regione
1108 2935 1341 2980 inferiore
1360 2933 1548 2979 nivibus
1574 2938 1834 2990 denudata,
1874 2937 2044 2995 ubique
2071 2937 2319 2992 parcius.”

598 3007 675 3048 Cl.
721 3006 1097 3052 Wsunesnzno.
1170 3005 1224 3048 In
1264 3003 1455 3059 Alpium
1491 3007 1744 3051 editioruin
1776 3008 2000 3061 lapidosis
2036 3008 2178 3051 etiam
2213 3006 2316 3050 fre-

599 3088 751 3131 quens
788 3074 1061 3119 observavit
1099 3074 1175 3119 Cl.
1202 3075 1682 3122 {izoem-somnum.
1752 3070 1808 3143 β
1833 3077 1880 3120 in
1916 3076 2104 3131 Alpium
2129 3080 2319 3119 austra-

595 3146 712 3187 lium
741 3143 1106 3202 valesiacarnm
1141 3144 1251 3203 iugo
1288 3143 1609 3189 rarissimum.
1695 3146 1849 3200 Supra
1885 3145 1943 3191 V
1939 3146 2018 3204 isp
2053 3146 2178 3190 inter
2212 3146 2318 3189 val-

598 3216 691 3257 lem
710 3212 835 3259 Saas
861 3218 907 3257 et
930 3213 1000 3256 Μ.
1031 3212 1376 3271 Sempronium
1409 3211 1468 3254 ab
1494 3217 1704 3262 amiciss.
1732 3215 1789 3259 L.
1814 3216 2023 3259 Tannus
2059 3217 2316 3260 detectum.

573 3295 664 3316 ‘—-
701 3283 779 3328 1³1.
819 3283 942 3326 Iulio
980 3287 1027 3326 et
1062 3279 1294 3340 Augusto.
1334 3274 1421 3346 21.

567 3389 684 3438 Oes.
716 3381 756 3436 Ῐ.
797 3388 873 3451 pb
907 3388 1111 3431 formam
1145 3387 1374 3431 foliorum
1409 3390 1753 3434 inconstantem
1783 3394 1829 3433 et
1854 3392 1972 3445 apud
1999 3404 2086 3434 nos
2123 3392 2317 3446 saepius

460 3458 995 3516 elongato-ellipticam,
1036 3459 1248 3512 ampliss.
1277 3459 1534 3514 Humano-s
1569 3459 1838 3513 dubitabat,
1877 3474 1935 3503 an
1966 3460 2124 3514 planta
2149 3466 2320 3504 nostra

462 3520 507 3594 β
540 3543 709 3574 revera
744 3529 801 3571 ad
846 3526 902 3574 C.
943 3527 1163 3578 lanatum
1198 3527 1334 3572 Lam.
1373 3529 1623 3573 referenda
1653 3535 1810 3585 esset3
1871 3530 2050 3574 idcirco
2087 3543 2192 3573 eam
2229 3541 2318 3572 no-

462 3597 588 3643 mine
628 3596 685 3645 C.
716 3596 895 3642 villosi
931 3597 1208 3653 designavit.
1283 3598 1463 3641 Verum
1499 3597 1556 3640 ab
1582 3599 1824 3644 illustriss.
1868 3598 2156 3646 Csxnonmo
2193 3592 2319 3646 haud

465 3672 735 3710 cunctanter
780 3680 866 3720 pro
901 3666 1106 3723 genuino
1144 3664 1313 3710 lanato
1349 3667 1588 3725 adgnitum
1624 3666 1730 3711 fuit.
1805 3669 2072 3723 Specimina
2105 3667 2166 3710 ab
2197 3668 2320 3710 ami-

463 3735 578 3779 ciss.
617 3736 726 3780 Gur
763 3737 810 3780 in
847 3735 1008 3779 multis
1042 3735 1400 3787 pyrenaeorum
1438 3736 1651 3791 partibus
1700 3738 1819 3781 lecta
1858 3729 2050 3795 egregie
2089 3749 2195 3779 cum
2232 3749 2319 3779 va-

463 3805 653 3849 lesiaeis
690 3805 1002 3859 conveniunt,
1067 3808 1118 3846 ut
1153 3810 1288 3848 extra
1325 3820 1464 3849 omne
1502 3804 1693 3848 dubium
1724 3808 1779 3849 ad
1817 3809 2011 3851 eandem
2050 3807 2323 3862 pertineant

463 3875 686 3921 formam.
764 3874 960 3917 Unicum
996 3873 1233 3927 specimen
1264 3875 1309 3918 in
1347 3874 1608 3917 Arverniae
1640 3875 1709 3918 M.
1749 3874 1928 3921 Canta!
1960 3877 2163 3928 lectum,
2226 3877 2320 3922 etsi

461 3942 578 3987 satis
617 3944 807 3997 copiose
846 3945 1082 3995 lanatum,
1148 3942 1363 3998 panicula
1402 3943 1729 4002 calycibusque
1773 3946 1830 3988 ad
1864 3943 2088 4010 alpinum
2125 3954 2167 3988 α
2204 3957 2321 4012 prq-

460 4013 565 4068 pius
601 4014 796 4058 accedit.
2285 4019 2292 4032 ’
