2669 4742
791 432 998 499 XIII.
1066 431 1722 500 POLYANDRIA.
1791 464 1796 469 ·
1989 487 1991 490 ,
2067 434 2189 501 439

374 614 375 619 ,
420 582 546 627 Hah.
575 582 696 626 locis
720 580 1053 627 consimilibus
1071 612 1084 635 ,
1125 582 1208 626 sed
1232 581 1539 625 rarissimum
1571 584 1620 627 et
1647 579 1890 639 hucusque
1921 580 1970 625 in
2006 583 2195 638 paucis-

455 652 594 696 simis
624 653 871 697 dumtaxat
898 651 1180 710 regionibus
1210 650 1538 695 observatum.
1611 649 1735 695 Eam
1768 651 1981 706 plantam
2008 652 2192 707 primus

390 748 397 749 ff
455 720 668 766 omnium
691 721 741 766 in
766 721 985 766 Helvetia
1009 716 1134 765 anno
1163 717 1293 764 1826
1322 721 1501 765 detexit
1526 719 1601 764 Cl.
1631 720 1691 765 R.
1714 720 2070 777 Scan-raes„
2109 735 2190 766 oc-

455 791 611 835 currit
644 804 813 845 nempe
853 790 1080 847 frequens
1112 790 1167 834 in
1205 802 1329 848 pago
1356 789 1583 852 tigurino
1614 803 1763 846 prope
1796 791 1991 861 Hia'ttep
2020 791 2081 834 ad
2115 792 2189 835 Μ.

454 860 863 907 Heben-Rhama
904 861 1103 915 pedem,
1162 860 1210 905 in
1252 872 1402 916 parvo
1432 860 1569 914 lacu,
1629 860 1707 904 ubi
1750 859 1968 920 Nuphar
2001 858 2191 906 luteum

457 930 652 974 mnnino
685 930 835 975 deest.
864 952 942 983 ,-
976 929 1058 975 Fl.
1085 929 1208 973 Iulio
1235 934 1282 975 et
1304 929 1542 989 Augusto.
1579 919 1668 994 η..

420 1017 543 1063 O'ss.
599 1017 996 1063 Cl.>Srr.unr.nus
1017 1047 1032 1072 ,
1084 1017 1160 1061 cui
1198 1018 1357 1073 primo
1387 1016 1588 1075 contigit
1619 1016 1739 1062 folia
1767 1015 2021 1075 submersa
2050 1017 2099 1062 in
2135 1030 2191 1062 ea

317 1089 480 1142 specie
505 1087 669 1132 videre
705 1100 761 1131 ac
788 1087 1092 1140 describere,
1130 1086 1308 1132 merito
1334 1088 1605 1141 suspicatus
1635 1091 1738 1140 est,
1775 1087 1990 1144 reliquas
2014 1089 2194 1143 stirpes

315 1169 551 1216 generum
574 1154 878 1217 Nymphaea
900 1161 949 1200 et
971 1154 1191 1215 Nuphar
1216 1156 1415 1212 perinde
1440 1155 1801 1211 heterophyllas
1818 1169 1932 1201 esse
1965 1156 2192 1214 foliisque

316 1230 419 1271 tum
448 1225 721 1270 natantibus
750 1230 850 1270 tum
874 1224 1140 1269 submersis
1162 1227 1393 1284 gaudere.
1458 1226 1513 1270 In
1537 1224 1812 1285 Nuphare,
1852 1227 1979 1283 quod
2008 1227 2055 1272 in
2076 1227 2189 1271 Bot.

318 1295 449 1341 Zeit.
482 1296 769 1359 descripsit,
807 1296 1065 1340 secundum
1084 1294 1480 1350 observationes,
1519 1307 1638 1352 quas
1651 1300 1703 1339 ut
1721 1299 1768 1338 et
1793 1297 1980 1340 iconem
1999 1298 2190 1355 elegan-

318 1366 560 1425 tissimam
579 1397 592 1420 ,
633 1378 772 1423 quam
788 1366 896 1419 ipsa
915 1363 1200 1421 delineavit,
1237 1377 1426 1413 mecum
1449 1363 1790 1409 humanissime
1811 1367 2194 1420 communicavit,

318 1435 573 1479 submersa
607 1434 725 1480 folia
760 1435 960 1489 duplicis
992 1438 1197 1479 naturae
1215 1465 1230 1490 ,
1267 1434 1363 1479 alia
1393 1447 1561 1490 nempe
1588 1438 1685 1478 tam
1707 1438 1872 1479 tenera
1896 1436 2190 1493 delicataque

318 1508 371 1548 ut
398 1504 561 1548 statim
588 1517 647 1550 ac
674 1518 733 1550 ex
766 1517 888 1562 aqua
917 1503 1233 1549 extrahuntur
1261 1504 1587 1561 deliquescant
1618 1516 1706 1548 nec
1736 1504 1835 1548 ullo
1867 1509 2006 1560 pacto
2037 1506 2191 1550 exsic-

318 1573 421 1619 cari
446 1573 666 1630 possint,
702 1574 796 1618 alia
822 1576 988 1618 tenera
1012 1573 1202 1632 quidem
1225 1573 1631 1632 tenuissimaque,
1670 1574 1753 1618 sed
1782 1573 1922 1618 facile
1952 1575 2001 1619 in
2027 1574 2192 1619 charta

316 1644 645 1689 conservanda
681 1643 1008 1698 deprehendit.
1066 1643 1295 1688 Ceterum
1329 1645 1520 1700 planta,
1559 1655 1702 1700 quam
1737 1644 1785 1686 in
1819 1642 2078 1689 Germania
2113 1658 2191 1690 re·

316 1713 446 1770 perit
469 1714 561 1758 Vir
583 1712 984 1761 honoratissimus
1017 1726 1074 1757 ac
1103 1712 1221 1757 mihi
1258 1727 1349 1770 per
1380 1713 1597 1758 amiciss.
1623 1711 1827 1756 Eunus
1851 1712 2192 1772 benignissime

319 1783 669 1838 suppeditavit,
707 1783 951 1827 nonnullis
991 1796 1078 1827 uec
1115 1784 1233 1828 levis
1267 1783 1498 1828 momenti
1536 1781 1893 1835 characteribus
1929 1796 1957 1826 a
1992 1786 2188 1838 nostra,

319 1858 441 1910 quae
468 1853 664 1896 omnino
689 1864 796 1896 cum
821 1852 1007 1911 anglica
1038 1853 1287 1909 convenit,
1327 1854 1556 1909 recedere
1581 1853 1785 1897 videtur.
1824 1851 1998 1896 Differt
2022 1865 2190 1908 nempe

318 1922 535 1966 omnium
574 1922 781 1978 partium
825 1935 890 1966 ac·
916 1921 1165 1977 speciatim
1198 1922 1376 1967 florum
1416 1922 1520 1967 fere
1563 1922 1707 1976 duplo
1738 1922 1975 1965 maiorum
2007 1923 2192 1980 magni·

318 1991 480 2036 tudine
501 2022 517 2045 ,
572 1991 730 2047 scapis
759 2003 847 2036 seu
884 1992 1163 2047 pedunculis
1198 1991 1522 2037 crassioribus
1543 2021 1558 2045 ,
1615 1990 1801 2034 scabris
1834 1996 1882 2035 et
1913 1990 2193 2046 profundius

321 2061 551 2114 sulcatis,
609 2061 803 2116 petiolis
833 2061 1030 2116 perinde
1062 2061 1414 2116 crassioribus,
1463 2060 1694 2105 foliorum
1731 2061 2090 2119 pagiuayaquae
2120 2062 2194 2105 in·

320 2129 574 2175 cumbeute
607 2134 769 2174 crusta
798 2131 882 2174 illa
915 2131 1132 2175 calcarea
1168 2132 1447 2189 sericeaque
1483 2130 1608 2186 pube
1641 2131 1783 2186 plane
1820 2131 2074 2186 destituta,
2112 2144 2195 2175 au·

320 2199 489 2244 riculis
526 2199 684 2261 minus
721 2199 1079 2257 divergentibus
1115 2213 1163 2244 v.
1197 2200 1397 2247 subinde
1422 2190 1691 2259 contiguis,
1731 2199 2089 2256 et'praesertim
2112 2201 2199 2244 sti-

317 2269 560 2328 gmatibus
591 2269 695 2313 fere
731 2282 936 2325 prorsus
973 2269 1139 2313 liberis
1176 2270 1487 2329 (quatiartab.
1526 2270 1708 2327 Spenn.
1745 2269 1811 2314 11.
1848 2284 1901 2314 n.
1936 2267 1997 2325 1,
2026 2268 2055 2313 2
2076 2275 2124 2316 et
2143 2265 2192 2314 5.

318 2339 499 2395 optime
534 2336 683 2394 sistit)
728 2339 902 2397 vixque
935 2339 1069 2384 disco
1098 2340 1304 2398 adnatis.
1362 2340 1526 2399 Itaque
1576 2342 1660 2384 aut
1686 2339 1898 2396 speciem
1924 2339 2194 2396 propriam,

318 2422 465 2466 quam
498 2406 769 2468 Nuphar-is
799 2407 1141 2469 Spenneriam‘
1184 2409 1377 2455 nomine
1423 2409 1622 2454 salutari
1668 2409 1843 2463 velim,
1905 2414 1987 2453 ant
2025 2410 2196 2453 saltem

317 2467 604 2522 varietatem
633 2478 989 2536 perinsiguem,
1029 2490 1150 2535 quae
1186 2479 1260 2528 N.
1306 2478 1566 2527 minimum
1590 2469 1647 2546 β
1679 2477 2077 2540 Spennerianum
2113 2493 2195 2534 ap..

316 2548 495 2603 pellari
529 2549 725 2602 posset,
762 2547 1029 2592 constituit.
1899 2561 1904 2566 ·
2095 2549 2103 2554 “

390 2731 414 2765 ,;
448 2683 540 2748 G.
587 2682 739 2747 325.
788 2685 1001 2747 ΤιωΑ
1039 2683 1131 2747 L.
1172 2703 1324 2769 gen.
1363 2682 1515 2747 660.
1585 2682 1768 2750 Han.
1812 2683 1993 2751 Ju'ss.
2040 2684 2192 2752 292.

318 2786 595 2851 Gaertn.
636 2786 776 2849 tab.
819 2786 976 2861 113.
1010 2787 1290 2850 -Tourm
1323 2788 1458 2850 tab.
1490 2785 1645 2851 381.
2053 2829 2058 2834 -

317 3001 602 3049 catrisatnm
650 2999 895 3059 (squamas
935 3014 1031 3045 uon
1072 2998 1211 3056 vidi).
1304 3000 1561 3045 Foliorum
1606 3001 1974 3047 submersorum
2019 2989 2196 3050 nervus

318 3071 530 3116 dorsalis
563 3083 735 3126 parum
765 3082 958 3115 crassus
987 3053 1080 3115 hec
1115 3070 1252 3114 sulco
1284 3076 1511 3117 exaratus
1530 3075 1638 3127 est,
1676 3086 1766 3117 nec
1796 3072 1971 3118 limbus
2000 3075 2198 3129 plicato-

318 3141 574 3184 undulatus
611 3139 808 3198 (quibus
845 3140 970 3183 notis
995 3140 1155 3194 planta
1180 3144 1348 3183 nostra
1370 3153 1400 3183 a
1425 3142 1751 3197 Spenneriana
1775 3141 1898 3187 haud
1923 3156 2093 3199 parum
2115 3158 2195 3190 re-

317 3207 487 3264 cedit).
560 3208 748 3254 Haecoe
786 3209 905 3252 folia
939 3213 1047 3252 ante
1083 3208 1440 3254 florescentiam
1482 3207 1785 3256 marcescunt
1829 3212 1902 3257 vel
1944 3213 2193 3268 putredine

319 3280 528 3336 quadam
555 3278 913 3334 dissolvuntur;
951 3283 1062 3323 tunc
1084 3284 1244 3324 autem
1266 3280 1344 3324 vel
1369 3279 1527 3325 serius
1562 3293 1619 3324 ex
1649 3281 1759 3325 aliis
1779 3280 2061 3327 rhizomatis
2084 3295 2195 3338 par-

319 3349 453 3393 tibus
491 3349 680 3392 novella
713 3349 956 3392 oriuntur.
1030 3348 1169 3394 Folia
1205 3350 1417 3394 natantia
1463 3350 1691 3394 auriculis
1726 3351 1834 3405 plus
1869 3351 2086 3396 minusve
2124 3352 2195 3396 di·

320 3417 635 3476 vergentibus
672 3418 863 3474 imoque
900 3417 1099 3463 subinde
1144 3417 1536 3473 conniventibus,
1575 3419 1697 3464 facie
1734 3419 1857 3463 laete
1882 3421 2083 3475 viridia,
2123 3421 2195 3466 ni·

316 3487 422 3531 tida
443 3483 831 3544 glaberrimaque
850 3500 942 3532 nec
978 3487 1070 3533 nisi
1106 3489 1390 3534 exsiccando
1419 3490 1643 3542 „punctis
1667 3489 1862 3533 elevatis
1891 3488 2198 3535 subscabra”

315 3555 675 3613 (wintano.
746 3557 924 3601 Petioli
955 3556 1058 3600 basi
1089 3559 1264 3603 latiore
1289 3570 1496 3602 concava
1524 3555 1660 3602 fibris
1687 3572 1731 3603 s.
1759 3558 1873 3613 pilis
1903 3560 2060 3618 longis
2086 3573 2195 3606 ara-

324 3625 491 3669 neosis
530 3625 835 3682 (stipularum
870 3627 978 3670 loco
998 3624 1038 3682 ἓ)
1084 3627 1331 3672 constricti
1376 3627 1521 3684 (quod
1554 3629 1755 3671 ulterius
1786 3627 2191 3685 examinandum).

321 3693 519 3749 Calycis
553 3695 842 3750 pentaphylli
879 3696 1089 3751 phyllum
1119 3710 1262 3741 unum
1291 3709 1483 3751 semper
1522 3700 1673 3741 totum
1704 3698 1888 3743 viride:
1928 3698 2084 3743 tribus
2121 3700 2193 3743 in-

316 3763 585 3809 terioribus
614 3779 642 3808 a
673 3766 895 3824 stigmate
933 3767 1072 3813 stella
1110 3768 1350 3821 impressa
1385 3771 1599 3811 remanet
1641 3763 1717 3823 (ut
1740 3772 1788 3811 et
1810 3768 1859 3811 in
1885 3766 1957 3813 Ν.
1988 3766 2183 3822 luteo).·

325 3833 492 3878 rarius
525 3838 713 3879 sextum
753 3836 1071 3891 petaloideum
1105 3836 1306 3881 accedit.
1381 3835 1627 3892 Stigmatis
1663 3837 1784 3880 radii
1822 3833 1884 3881 1⁰
1916 3834 2087 3893 (8-14)
2123 3839 2195 3888 di·

324 3917 461 3947 scum
503 3905 767 3958 paullulum
814 3911 1068 3960 superant,
1124 3909 1320 3961 peracta
1373 3905 1554 3949 anthesi
1595 3905 1928 3951 reflectuntur.
2002 3908 2198 3952 Semina

331 3973 568 4031 oblonga,
643 3987 704 4019 ex
755 3975 898 4021 viridi
953 3975 1311 4035 nigrescentia,
1367 3974 1545 4030 nitida,
1617 3974 1929 4036 glaberrima.
2008 3976 2092 4033 (D.
2130 3976 2203 4030 v.)

325 4043 671 4090 ficuum-nuss-
